=LDR  00870cam  22002895a 4500
=001  003813763
=003  NNU
=005  20150318152932.0
=008  130110s2012\\\\ir\\\\\\\b\\\\000\0\pero\
=FMT  \\BK
=010  \\$a  2012432661
=020  \\$a9789643034122
=020  \\$a9643034127
=035  7\$aipbs12/09068
=035  \\$a(OCoLC)824088147
=037  \\$bLibrary of Congress -- Islamabad Overseas Office
=040  \\$aDLC$beng$cDLC$dOCLCO
=042  \\$alcode
=100  1\$aVilāyatī, ʻAlī Akbar,$d1945-
=245  10$aAnvarī.
=250  \\$aChāp-i 1.
=260  \\$aTihrān :$bShirkat-i Sahāmī-i Kitābʹhā-yi Jībī,$c2012.
=300  \\$a167 p.
=490  0\$aĀfarīnandigān-i farhang va tamaddun-i Islām va būm-i Īrān ;$v37
=546  \\$aIn Persian.
=504  \\$aIncludes bibliographical references.
=852  0\$aNNU$bBOBST$cMAIN$p31142048942299

