=LDR  00433nam  22001695i 4500
=001  004018840
=003  NNU
=005  00000000000000.0
=008  140714s2014\\\\ir\\\\\\\\\\\\000\0\per\d
=FMT  \\BK
=020  \\$a9786005083163
=035  \\$a(ipbs)14/01059
=035  7\$aipbs14/01059
=040  \\$aNNU$cNNU
=245  10$aNigāristān-i Adīb (dar bāb-i hunar va hunarmandān-i Īrānī) :
=260  \\$c2014
=852  0\$aNNU$bBOBST$cMAIN$p31142057559786

