=LDR  01007nam  22003135i 4500
=001  004022117
=003  NNU
=005  20150318172207.0
=008  140714s2013\\\\ir\\\\\\\\\\\\000\0\pero\
=FMT  \\BK
=010  \\$a  2014311919
=020  \\$a9789643377601
=020  \\$a9643377601
=035  7\$aipbs14/04093
=035  \\$a(OCoLC)883904087
=037  \\$aLibrary of Congress -- Islamabad Overseas Office
=040  \\$aDLC$beng$erda$cDLC
=042  \\$alcode
=100  1\$aMustawfī, Ḥasan ʻAlī Khān.
=245  10$aKhāṭirāt-i ḥaz̤rat-i Ustādī sar purfisur ḥasan ʻAlī Khān Mustawfī.
=250  \\$aChāp-i avval.
=264  \1$aTihrān :$bKitāb-i Nayistān,$c2013.
=300  \\$a224 pages ;
=336  \\$atext$2rdacontent
=337  \\$aunmediated$2rdamedia
=338  \\$avolume$2rdacarrier
=520  \\$aMustawfī, ḥasan ʻAlī Khān - Diaries ; Iran - History - Pahlavi dynasty, 1925-1979 - Diaries.
=546  \\$aIn Persian.
=852  0\$aNNU$bBOBST$cMAIN$p31142056400859

