=LDR  00443cam  22001575u 4500
=001  004041801
=003  NNU
=005  20141002134704.0
=008  141002m13761997ir\ah\\\\\\\\\000\0\per\d
=FMT  \\BK
=040  \\$aNNU$beng$cNNU
=100  0\$aTarbati Sanjābi, Mahmud.
=245  10$aKudetā sāzān /$cMahmud Tarbati Sanjābi.
=260  \\$a[S.l] :$bMoʻasese-ye farhang-e Kāvosh,$c1374 [1995]
=300  \\$a212 p.
=852  0\$aNNU$bBOBST$cMAIN$p31142048945391

