=LDR  00394nam  22001695i 4500
=001  004051735
=003  NNU
=005  00000000000000.0
=008  141020s2014\\\\ir\\\\\\\\\\\\000\0\per\d
=FMT  \\BK
=020  \\$a9786002030726
=035  \\$a(ipbs)14/06013
=035  7\$aipbs14/06013
=040  \\$aNNU$cNNU
=245  10$aʻAhdnāmah-i Mālik Ashtar :
=260  \\$c2014
=852  0\$aNNU$bBOBST$cMAIN$p31142056208963

