=LDR  00453nam  22001695i 4500
=001  004051736
=003  NNU
=005  00000000000000.0
=008  141020s2014\\\\ir\\\\\\\\\\\\000\0\per\d
=FMT  \\BK
=020  \\$a9789642140800
=035  \\$a(ipbs)14/06014
=035  7\$aipbs14/06014
=040  \\$aNNU$cNNU
=245  10$aFarāz va furūd-i nafs: darsʹhāyī az akhlāq (sharḥī bar Jāmiʻ al-saʻādāt) :
=260  \\$c2014
=852  0\$aNNU$bBOBST$cMAIN$p31142056208971

