=LDR  00412nam  22001695i 4500
=001  004051743
=003  NNU
=005  00000000000000.0
=008  141020s2014\\\\ir\\\\\\\\\\\\000\0\per\d
=FMT  \\BK
=020  \\$a9789643659042
=035  \\$a(ipbs)14/06021
=035  7\$aipbs14/06021
=040  \\$aNNU$cNNU
=245  10$aNatāyij-i āmārgīrī-i nīrū-yi kār 1391 :
=260  \\$c2014
=852  0\$aNNU$bBOBST$cMAIN$p31142056209029

