=LDR  00419nam  22001695i 4500
=001  004051757
=003  NNU
=005  00000000000000.0
=008  141020s2014\\\\ir\\\\\\\\\\\\000\0\per\d
=FMT  \\BK
=020  \\$a9786003130524
=035  \\$a(ipbs)14/06043
=035  7\$aipbs14/06043
=040  \\$aNNU$cNNU
=245  10$aal-Fuṣūl fī al-ṭibb (al-Murshid fī al-ṭibb) :
=260  \\$c2014
=852  0\$aNNU$bBOBST$cMAIN$p31142056209250

