=LDR  00501nam  22001695i 4500
=001  004086978
=003  NNU
=005  00000000000000.0
=008  141218s2014\\\\ir\\\\\\\\\\\\000\0\per\d
=FMT  \\BK
=020  \\$a978-964-988-574-2
=035  \\$a(ipbs)14/07002
=035  7\$aipbs14/07002
=040  \\$aNNU$cNNU
=245  10$aAsnād va murāsilāt-i Mālistān (Ghazniy) - Afghānistān), (asnād-i shakhṣī-i shaykh Ẓāhir Tavassulī, Muḥsinī, ...) :
=260  \\$c2014
=852  0\$aNNU$bBOBST$cMAIN$p31142056212908

