=LDR  00397nam  22001695i 4500
=001  004086998
=003  NNU
=005  00000000000000.0
=008  141218s2014\\\\ir\\\\\\\\\\\\000\0\per\d
=FMT  \\BK
=020  \\$a978-600-220-174-4
=035  \\$a(ipbs)14/07024
=035  7\$aipbs14/07024
=040  \\$aNNU$cNNU
=245  10$aMulḥaq Nahj al-Balāghah :
=260  \\$c2014
=852  0\$aNNU$bBOBST$cMAIN$p31142057914817

