=LDR  00428nam  22001695i 4500
=001  004087026
=003  NNU
=005  00000000000000.0
=008  141218s2014\\\\ir\\\\\\\\\\\\000\0\per\d
=FMT  \\BK
=020  \\$a978-600-220-196-6
=035  \\$a(ipbs)14/07058
=035  7\$aipbs14/07058
=040  \\$aNNU$cNNU
=245  10$aFarhang-i Pahlavī (vāzhahʹnāmah-i Pahlavī - Pāzand) :
=260  \\$c2014
=852  0\$aNNU$bBOBST$cMAIN$p31142057914882

