=LDR  00414nam  22001695i 4500
=001  004087060
=003  NNU
=005  00000000000000.0
=008  141218s2014\\\\ir\\\\\\\\\\\\000\0\per\d
=FMT  \\BK
=020  \\$a978-600-5747-50-8
=035  \\$a(ipbs)14/07099
=035  7\$aipbs14/07099
=040  \\$aNNU$cNNU
=245  10$aMawlānā va madrasah-i ʻishq :
=260  \\$c2014
=852  0\$aNNU$bBOBST$cMAIN$hclass$iitem$p31142057915129

