=LDR  00445nam  22001695i 4500
=001  004087062
=003  NNU
=005  00000000000000.0
=008  141218s2014\\\\ir\\\\\\\\\\\\000\0\per\d
=FMT  \\BK
=020  \\$a978-964-7768-96-2
=035  \\$a(ipbs)14/07101
=035  7\$aipbs14/07101
=040  \\$aNNU$cNNU
=245  10$aRūzigār-i nukhust: justārʹhāyī pīrāmūn-i dībāchah-i Shāhnāmah :
=260  \\$c2014
=852  0\$aNNU$bBOBST$cMAIN$p31142056213807

