=LDR  00481nam  22001695i 4500
=001  004087070
=003  NNU
=005  00000000000000.0
=008  141218s2014\\\\ir\\\\\\\\\\\\000\0\per\d
=FMT  \\BK
=020  \\$a978-600-152-152-2
=035  \\$a(ipbs)14/07109
=035  7\$aipbs14/07109
=040  \\$aNNU$cNNU
=245  10$aKhar biraft va Khar biraft va Khar biraft (dāstānʹhāyī shīrīn va talkh az Mas\U+0331\navī-i maʻnavī) :
=260  \\$c2014
=852  0\$aNNU$bBOBST$cMAIN$p31142057915160

