=LDR  02142cam  22004575i 4500
=001  004087081
=003  NNU
=005  20150602144030.0
=008  141015s2014\\\\ir\ah\\\\\\\\\000\0\per\\
=FMT  \\BK
=010  \\$a  2014310355
=020  \\$a9789649884929
=020  \\$a9649884920
=035  7\$aipbs14/07120
=035  \\$a(OCoLC)893203013
=037  \\$aLibrary of Congress -- Islamabad Overseas Office
=040  \\$aDLC$beng$erda$cDLC$dOCLCO$dNNU
=042  \\$alcode
=100  1\$6880-01$aʻAbdulī Āshtiyānī, Asad Allāh.
=245  10$6880-02$aAsnād-i Sādāt Ḥusaynī Āshtiyānī (Āqā Mīr Kāẓim) /$cnigārish-i, Asad Allāh ʻAbdulī Āshtiyānī.
=250  \\$6880-03$aChāp-i avval.
=264  \1$6880-04$aQum :$bNashr-i Majmaʻ-i Z̲akhāʼir-i Islāmī bā hamkārī-i Muʼassasah-i Tārīkh-i ʻIlm va Farhang,$c2014.
=300  \\$a17, 102 pages :$billustrations, facsimiles ;$c24 cm
=336  \\$atext$2rdacontent
=337  \\$aunmediated$2rdamedia
=338  \\$avolume$2rdacarrier
=490  0\$6880-05$aMuʻarrifī-i mīrās̲-i makhṭūṭ ;$v209
=520  \\$aĀshtiyānī (Fāmily) -History -Sources.
=546  \\$aIn Persian.
=710  2\$6880-06$aMajmaʻ-i Z̲akhāʼir-i Islāmī (Qum, Iran)
=710  2\$6880-07$aMuʼassasah-i Tārīkh-i ʻIlm va Farhang.
=880  1\$6100-01/$aعبدلى آشتيانى، اسد الله.
=880  10$6245-02/$aاسناد سادات حسينى آشتيانى (اقا مير کاظم) /$cنگارش، اسد الله عبدلى آشتيانى.
=880  \\$6250-03/$aچاپ اول.
=880  \1$6264-04/$aقم :$bنشر مجمع ذخائر اسلامى با همکارى مؤسسه تاريخ علم و فرهنگ،$c2014.
=880  0\$6490-05/$aمعرفى ميراث مخطوط ؛$v209
=880  2\$6710-06/$aمجمع ذخائر اسلامى (قم، اىران)
=880  2\$6710-07/$aمؤسسه تاريخ علم و فرهنگ.
=830  \0$6880-08$aMuʻarrifī-i mīrās̲-i makhṭūṭ ;$v209.
=880  \0$6830-08/$aمعرفى ميراث مخطوط ؛$v209.
=852  0\$aNNU$bBOBST$cMAIN$p31142056214128

