=LDR  00406nam  22001695i 4500
=001  004087117
=003  NNU
=005  00000000000000.0
=008  141218s2014\\\\ir\\\\\\\\\\\\000\0\per\d
=FMT  \\BK
=020  \\$a978-964-365-919-6
=035  \\$a(ipbs)14/08020
=035  7\$aipbs14/08020
=040  \\$aNNU$cNNU
=245  10$aĪrān dar āyīnah-i āmār-i 1391 :
=260  \\$c2014
=852  0\$aNNU$bBOBST$cMAIN$p31142056214458

