=LDR  00446nam  22001695i 4500
=001  004087167
=003  NNU
=005  00000000000000.0
=008  141218s2014\\\\ir\\\\\\\\\\\\000\0\per\d
=FMT  \\BK
=020  \\$a978-600-5281-40-8
=035  \\$a(ipbs)14/08078
=035  7\$aipbs14/08078
=040  \\$aNNU$cNNU
=245  10$aḤayāt-i siyāsī ijtimaʻī-i āyat allāh Sayyid Muḥammad Bihbahānī :
=260  \\$c2014
=852  0\$aNNU$bBOBST$cMAIN$p31142056214938

