=LDR  00509nam  22001695i 4500
=001  004087177
=003  NNU
=005  20160121084429.0
=008  141218s2014\\\\ir\\\\\\\\\\\\000\0\per\d
=FMT  \\BK
=020  \\$a978-600-175-736-5
=035  \\$a(ipbs)14/08088
=035  7\$aipbs14/08088
=040  \\$aNNU$cNNU
=245  10$aAsar nishān: darāmadī bar rūykard-i nishānahʹshinākhtī bih mafhūm-i sand va muṭāliʻāt-i asnādī-i jang \ difāʻ-i muqaddas :
=260  \\$c2014
=852  0\$aNNU$bBOBST$cMAIN$p31142056215034

