=LDR  00409nam  22001695i 4500
=001  004119757
=003  NNU
=005  00000000000000.0
=008  150316s2014\\\\ir\\\\\\\\\\\\000\0\per\d
=FMT  \\BK
=020  \\$a9789643658670
=035  \\$a(ipbs)14/09020
=035  7\$aipbs14/09020
=040  \\$aNNU$cNNU
=245  10$aIran statistical yearbook 1389 (2010-2011) :
=260  \\$c2014
=852  0\$aNNU$bBOBST$cMAIN$p31142058105589

