=LDR  00390nam  22001695i 4500
=001  004119786
=003  NNU
=005  00000000000000.0
=008  150316s2014\\\\ir\\\\\\\\\\\\000\0\per\d
=FMT  \\BK
=020  \\$a9786006728278
=035  \\$a(ipbs)14/09058
=035  7\$aipbs14/09058
=040  \\$aNNU$cNNU
=245  10$aMaktab-i Kamāl al-Mulk :
=260  \\$c2014
=852  0\$aNNU$bBOBST$cMAIN$p31142056545612

