=LDR  00485nam  22001695i 4500
=001  004119793
=003  NNU
=005  00000000000000.0
=008  150316s2014\\\\ir\\\\\\\\\\\\000\0\per\d
=FMT  \\BK
=020  \\$a9786001197383
=035  \\$a(ipbs)14/09067
=035  7\$aipbs14/09067
=040  \\$aNNU$cNNU
=245  10$aBigū - bikhand bā Ḥāfiẓ: rūykard-i padīdārī bih ṭarz-i sukhan-i Ḥāfiẓ va ṭanz-i naqīz̤ah gūyān :
=260  \\$c2014
=852  0\$aNNU$bBOBST$cMAIN$p31142056545638

