=LDR  00514nam  22001695i 4500
=001  004119806
=003  NNU
=005  00000000000000.0
=008  150316s2014\\\\ir\\\\\\\\\\\\000\0\per\d
=FMT  \\BK
=020  \\$a9789641028277
=035  \\$a(ipbs)14/09083
=035  7\$aipbs14/09083
=040  \\$aNNU$cNNU
=245  10$aSarāghāz-i bīdārī: jaryānʹshināsī-i siyāsī-i ʻaṣr-i ḥayāt-i shahīd Sayyid Muṣṭafá, Mujtahid Kamarah (pidar-i imam Khumaynī) :
=260  \\$c2014
=852  0\$aNNU$bBOBST$cMAIN$p31142056545711

