=LDR  00512nam  22001695i 4500
=001  004119854
=003  NNU
=005  00000000000000.0
=008  150316s2014\\\\ir\\\\\\\\\\\\000\0\per\d
=FMT  \\BK
=020  \\$a9786002030511
=035  \\$a(ipbs)14/10048
=035  7\$aipbs14/10048
=040  \\$aNNU$cNNU
=245  10$aSih risālah az S\U+0331\ābit ibn Qurrah (Sāʻatʹhā-yi āftābī, Ḥarakkat-i khūrshīd vā māh, Chahārdah vajhī-i muḥāṭ dar kurah) :
=260  \\$c2014
=852  0\$aNNU$bBOBST$cMAIN$p31142058106017

