=LDR  00540nam  22001695i 4500
=001  004119883
=003  NNU
=005  00000000000000.0
=008  150316s2014\\\\ir\\\\\\\\\\\\000\0\per\d
=FMT  \\BK
=020  \\$a9786009103089
=035  \\$a(ipbs)14/10081
=035  7\$aipbs14/10081
=040  \\$aNNU$cNNU
=245  10$aTavārīkh-i mulūk va anbiyāʼ-i mashhūr bih tārīkh-i Jaʻfarī yā Tārīkh-i kabīr bakhsh-i tārīkh-i Awlād-i Taymūr (vaqāyiʻ-i sālʹhā-yi 807 tā 850 hijrī) :
=260  \\$c2014
=852  0\$aNNU$bBOBST$cMAIN$p31142056547071

