=LDR  00457nam  22001695i 4500
=001  004119898
=003  NNU
=005  00000000000000.0
=008  150316s2014\\\\ir\\\\\\\\\\\\000\0\per\d
=FMT  \\BK
=020  \\$a9786002202086
=035  \\$a(ipbs)14/12002
=035  7\$aipbs14/12002
=040  \\$aNNU$cNNU
=245  10$aFihrist-i nuskhahʹhā-yi khaṭṭī-i Ḥawzah-i ʻIlmīyah-i Dār al-Irshād-i Ardabīl :
=260  \\$c2014
=852  0\$aNNU$bBOBST$cMAIN$p31142056547568

