=LDR  00444nam  22001695i 4500
=001  004119906
=003  NNU
=005  00000000000000.0
=008  150316s2014\\\\ir\\\\\\\\\\\\000\0\per\d
=FMT  \\BK
=020  \\$a9786009432318
=035  \\$a(ipbs)14/12010
=035  7\$aipbs14/12010
=040  \\$aNNU$cNNU
=245  10$aQurʼān-i Majīd bā tarjumah-i ʻibārat bih ʻibārat bih zabān-i Fārsī :
=260  \\$c2014
=852  0\$aNNU$bBOBST$cMAIN$p31142058106983

