=LDR  00524nam  22001695i 4500
=001  004119936
=003  NNU
=005  00000000000000.0
=008  150316s2014\\\\ir\\\\\\\\\\\\000\0\per\d
=FMT  \\BK
=020  \\$a9789644014951
=035  \\$a(ipbs)14/12060
=035  7\$aipbs14/12060
=040  \\$aNNU$cNNU
=245  10$aLiylī va Majnūn Badr al-Dīn Halālī Astarʹābādī Jughatāyī bar pāyah-i nuskhah-i munḥaṣir bih fard mawjūd dar Kitābkhānah-i Millī-i Tabrīz :
=260  \\$c2014
=852  0\$aNNU$bBOBST$cMAIN$p31142056547865

