=LDR  00384nam  22001455a 4500
=001  004133537
=003  NNU
=005  20150428155541.0
=008  150428s1997\\\\ii\\\\\\\\\\\\000\0\per\d
=FMT  \\BK
=040  \\$aNNU$beng$cNNU
=100  1\$aAbbas, Sayyid Hasan.
=245  10$aDu risalah dar naqd-i adabi.
=260  \\$aRampur :$bKitabkhanah-i Riza Rampur,$c1997.
=852  0\$aNNU$bBOBST$cMAIN$p31142057736459

