=LDR  00432nam  22001575a 4500
=001  004133541
=003  NNU
=005  20150428160804.0
=008  150428s2004\\\\ii\\\\\\\\\\\\000\0\per\d
=FMT  \\BK
=020  \\$a8187113707
=040  \\$aNNU$beng$cNNU
=245  00$aMakatib-i Hazrat Shah Valiullah Muhaddis Dihlavi.
=260  \\$aRampur :$bKitabkhanah-i Riza Rampur,$c2004.
=700  1\$aFaridi, Nasim Ahmad.
=852  0\$aNNU$bBOBST$cMAIN$p31142057736210

