=LDR  01068nam  22003255i 4500
=001  004149533
=003  NNU
=005  20150709105108.0
=008  150409s2014\\\\ir\\\\\\\\\\\\000\0\per\\
=FMT  \\BK
=010  \\$a2015325171
=020  \\$a9789645281876
=020  \\$a9645281873
=035  7\$aipbs15/02006
=035  \\$a(OCoLC)907133398
=037  \\$aLibrary of Congress -- Islamabad Overseas Office
=040  \\$aDLC$beng$erda$cDLC
=042  \\$alcode
=100  1\$aRahbariyān, Muḥammad Riz̤ā.
=245  10$aShinākhtnāmah-i ustād ʻAlī Aṣghar Faqīhī (1292-1382 shamsī).
=250  \\$aChāp-i avval.
=264  \1$aTihrān :$bAnjuman-i Ās̲ār va Mafākhir-i Farhangī,$c2014.
=300  \\$a691 pages
=336  \\$atext$2rdacontent
=337  \\$aunmediated$2rdamedia
=338  \\$avolume$2rdacarrier
=490  0\$aSilsilah-i intishārāt-i Anjuman-i Ās̲ār va Mafākhir-i Farhangī ;$v524
=520  \\$aFaqīhī, ʻAlī Aṣghar, 1913 or 1914-2003 ; Ulama - Iran -- Biography.
=546  \\$aIn Persian.
=852  0\$aNNU$bBOBST$cMAIN$p31142059600703

