=LDR  01062cam  22003255i 4500
=001  004149548
=003  NNU
=005  20150708142714.0
=008  150409s2014\\\\ir\\\\\\\\\\\\000\0\pero\
=FMT  \\BK
=010  \\$a2015325188
=020  \\$a9789645282446
=020  \\$a9645282446
=035  7\$aipbs15/02028
=035  \\$a(OCoLC)907133421
=037  \\$aLibrary of Congress -- Islamabad Overseas Office
=040  \\$aDLC$beng$erda$cDLC$dOCLCO
=042  \\$alcode
=100  1\$aQarīb, Badr al-Zamān,$d1929 or 1930-
=245  10$aZindagīʹnāmah va khadamāt-i ʻilmī va farhangī-i duktur Bard al-Zamān Qarīb.
=250  \\$aChāp-i avval.
=264  \1$aTihrān :$bAnjuman-i Ās̲ār va Mafākhir-i Farhangī,$c2014.
=300  \\$a193 pages
=336  \\$atext$2rdacontent
=337  \\$aunmediated$2rdamedia
=338  \\$avolume$2rdacarrier
=520  \\$aQarīb, Badr al-Zamān, 1929 or 1930- ; Philologists - Iran - Biography.
=546  \\$aIn Persian.
=710  2\$aAnjuman-i Ās̲ār va Mafākhir-i Farhangī.
=852  0\$aNNU$bBOBST$cMAIN$p31142056713640

