=LDR  01200cam  22003375i 4500
=001  004149556
=003  NNU
=005  20150709095234.0
=008  150409s2014\\\\ir\\\\\\\\\\\\000\0\pero\
=FMT  \\BK
=010  \\$a2015325195
=020  \\$a9789644463907
=020  \\$a9644463900
=035  7\$aipbs15/02039
=035  \\$a(OCoLC)907133346
=037  \\$aLibrary of Congress -- Islamabad Overseas Office
=040  \\$aDLC$beng$erda$cDLC$dOCLCO
=042  \\$alcode
=043  \\$aa-ir---
=100  1\$aʻAẓīmī, Ḥabīb Allāh,$d1962 or 1963-
=245  10$aMaktab-i Hunarī-i Shīrāz dar nusakh-i khaṭṭī-i Īrānī.
=250  \\$aChāp-i avval.
=264  \1$aTihrān :$bSāzmān-i Asnād va Kitābkhānah-i Millī-i Jumhūrī-i Islāmī-i Īrān,$c2014.
=300  \\$a155 pages
=336  \\$atext$2rdacontent
=337  \\$aunmediated$2rdamedia
=338  \\$avolume$2rdacarrier
=520  \\$aMaktab-i Naqqāshī- Shīrāz ; Maktab-i Hunar-i Shīrāz ; Painting - Iran - Shīrāz ; Illumination of books and manuscripts, Persian.
=546  \\$aIn Persian.
=710  2\$aSāzmān-i Asnād va Kitābkhānah-i Millī-i Jumhūrī-i Islāmī-i Īrān.
=852  0\$aNNU$bBOBST$cMAIN$p31142056713699

