=LDR  00402nam  22001695i 4500
=001  004149572
=003  NNU
=005  00000000000000.0
=008  150615s2014\\\\ir\\\\\\\\\\\\000\0\per\d
=FMT  \\BK
=020  \\$a9789641903789 (Vol. 2)
=035  \\$a(ipbs)15/02057
=035  7\$aipbs15/02057
=040  \\$aNNU$cNNU
=245  10$aTaʻziyah dar Gīlān :
=260  \\$c2014
=852  0\$aNNU$bBOBST$cMAIN$p31142056713913$3V.2

