=LDR  01027nam  22003255a 4500
=001  004149586
=003  NNU
=005  20150708115351.0
=008  110222s2012\\\\ir\\\\\\\\\\\\000\f\per\d
=FMT  \\BK
=020  \\$a9789643377045
=020  \\$a9643377040
=035  7\$aipbs15/02071
=035  \\$a(OCoLC)913152134
=040  \\$aHLS$beng$cHLS
=066  \\$c(3$c(4
=100  1\$6880-01$aZāhidī, Tūraj.
=245  10$6880-02$aTaṣarruf /$cTūraj Zāhidī.
=250  \\$6880-03$aChāp-i 1.
=260  \\$6880-04$aTihrān :$bKitāb-i Nayistān,$c1391 [2012 or 2013]
=300  \\$a744 p. ;$c21 cm.
=490  0\$6880-05$aAdabīyāt-i bartar.$aRumān ;$v33
=500  \\$aNovel.
=752  \\$aIran$dTehran.
=880  1\$6100-01/$aزاهدی، تورج.
=880  10$6245-02/$aتصرف /$cتورج زاهدی.
=880  \\$6250-03/$aچاپ 1.
=880  \\$6260-04/$aتهران :$bکتاب نیستان،$c1391 [2012 or 2013]
=880  0\$6490-05/$aادبیات برتر.$aرمان ؛$v33
=852  0\$aNNU$bBOBST$cMAIN$p31142059600380

