=LDR  00554nam  22001695i 4500
=001  004149623
=003  NNU
=005  00000000000000.0
=008  150615s2014\\\\ir\\\\\\\\\\\\000\0\per\d
=FMT  \\BK
=020  \\$a9786003131897
=035  \\$a(ipbs)14/11013
=035  7\$aipbs14/11013
=040  \\$aNNU$cNNU
=245  10$aʻAvārif al-maʻārif: ẕayl-i Maʻārif al-ʻavārif, chāp-i ʻaksī-i dastnivīs-i shumārah-i 26 Kitābkhānah-i Majlis-i Sinā bih khaṭṭ-i Ṣadr al-Dīn Junayd Shīrāzī :
=260  \\$c2014
=852  0\$aNNU$bBOBST$cMAIN$p31142059600976$3V.3

