=LDR  00922nam  22003135i 4500
=001  004149632
=003  NNU
=005  20150709090858.0
=008  150130s2014\\\\ir\\\\\\\\\\\\000\0\pero\
=FMT  \\BK
=010  \\$a2014310712
=020  \\$a9786001931390
=020  \\$a6001931399
=035  7\$aipbs14/11025
=035  \\$a(OCoLC)902599244
=037  \\$aLibrary of Congress -- Islamabad Overseas Office
=040  \\$aDLC$beng$erda$cDLC
=042  \\$alcode
=100  1\$aGhafūrī, Muḥammad Riz̤ā.
=245  10$aIstidlāl-i qaz̤āyī dar dū niẓām-i buzurg-i ḥuqūqī-i ṣūratʹgarā va vāqiʻʹgarā.
=250  \\$aChāp-i avval.
=264  \1$aTihrān :$bMajd,$c2014.
=300  \\$a372 pages
=336  \\$atext$2rdacontent
=337  \\$aunmediated$2rdamedia
=338  \\$avolume$2rdacarrier
=520  \\$aLaw - Philosophy ; Jurisprudence.
=546  \\$aIn Persian.
=852  0\$aNNU$bBOBST$cMAIN$p31142056714291

