=LDR  02802cam  22006495i 4500
=001  004149651
=003  NNU
=005  20150708161238.0
=008  150130s2014\\\\ir\\\\\\\b\\\\000\0cper\\
=FMT  \\BK
=010  \\$a2014310742
=020  \\$a9786003132030
=020  \\$a6003132035
=020  \\$a9786003132031
=035  7\$aipbs14/11060
=035  \\$a(OCoLC)902599278
=037  \\$aLibrary of Congress -- Islamabad Overseas Office
=040  \\$aDLC$beng$erda$cDLC$dLGG
=041  0\$aper$aeng
=042  \\$alcode
=043  \\$aa-ir---$aa-ii---
=066  \\$c(3$c(4
=100  1\$6880-01$aĀzād Bilgrāmī, Ghulām ʻAlī ibn Nūḥ,$d1704-1786.
=245  10$6880-02$aTaẕkarah-ʼi sarv-i Āzād :$btaḥrīr-i nahāyī = Taḏkīra-i sarw-i Āzād : final version /$ctaʼlīf-i Mīr Ghulāmʻalī Āzād Bilgrāmī ; taṣḥīḥ-i Mīr Hāshim Muḥaddis̲.
=246  3\$aTaẕkirah-ʼi sarv-i Āzād
=250  \\$6880-03$aChāp-i avval.
=264  \1$6880-04$aTihrān :$bSafīr-i Ardihāl,$c2014.
=300  \\$a663 pages, 4 unnumbered pages ;$c25 cm
=336  \\$atext$2rdacontent
=337  \\$aunmediated$2rdamedia
=338  \\$avolume$2rdacarrier
=490  1\$6880-07$aTaẕkirahʹhā-yi Fārsī ;$v10
=504  \\$aIncludes bibliographical references (page 667).
=520  \\$aPoets, Persian - India - Biography; Persian poetry - India - History and criticism.
=546  \\$aIn Persian; introduction in English.
=505  0\$aFaṣl 1. Dar ẕikr-i 143 shuʻarā-yi Fārsī -- Faṣl 2. Dar ẕikr-i 8 shuʻarā-yi Hindī [i.e. Urdu].
=650  \0$aPoets, Persian$yEarly modern, 1500-1700.
=650  \0$aPoets, Persian$y18th century.
=650  \0$aPoets, Persian$zIndia.
=650  \0$aPersian poetry$zIndia.
=650  \0$aPoets, Urdu$yEarly modern, 1500-1700.
=650  \0$aPoets, Urdu$y18th century.
=650  \0$aPoets, Urdu$zIndia.
=650  \0$aUrdu poetry$zIndia.
=651  \0$aBilgrām (India)$vBiography.
=700  1\$6880-06$aMuḥaddis̲, Mīr Hāshim,$eeditor.
=880  1\$6100-01/$aآزاد بلگرامى، غلام على بن نوح.
=880  10$6240-00/$aماءاثر الکرام.$nدفتر 2
=880  10$6245-02/$aتذکرۀ سرو آزاد :$bتحرير نهايى = Taḏkīra-i sarw-i Āzād : final version /$cتأليف مير غلامعلى آزاد بلگرامى ؛ تصحيح مير هاشم محدث.
=880  30$6246-00/$aسرو آزاد
=880  \\$6250-03/$aچاپ اول.
=880  \1$6264-04/$aتهران :$bسفير اردهال،$c2014.
=880  1\$6490-07/$aتذکره اى فارسى ؛$v10
=880  1\$6700-06/$aمحدث، مير هاشم.
=830  \0$6880-08$aTaẕkirahʹhā-yi Fārsī ;$v10.
=880  \0$6830-08/$aتذکره اى فارسى ؛$v10
=852  0\$aNNU$bBOBST$cMAIN$p31142059601248

