=LDR  00383nam  22001695i 4500
=001  004149659
=003  NNU
=005  00000000000000.0
=008  150615s2014\\\\ir\\\\\\\\\\\\000\0\per\d
=FMT  \\BK
=020  \\$a9786006835471
=035  \\$a(ipbs)14/11068
=035  7\$aipbs14/11068
=040  \\$aNNU$cNNU
=245  10$aKāfah-i muhajir :
=260  \\$c2014
=852  0\$aNNU$bBOBST$cMAIN$p31142056714432

