=LDR  01415cam  22003977i 4500
=001  004149663
=003  NNU
=005  20150708133527.0
=008  150130s2014\\\\ir\a\\\\\\\\\\000\1\per\\
=FMT  \\BK
=010  \\$a2014310751
=020  \\$a9786001942112
=020  \\$a6001942110
=035  7\$aipbs14/11072
=035  \\$a(OCoLC)902138956
=037  \\$aLibrary of Congress -- Islamabad Overseas Office
=040  \\$aDLC$beng$erda$cDLC$dOCLCO
=042  \\$alcode
=066  \\$c(3$c(4
=100  1\$6880-01$aFakūr, Suhaylā,$d1963 or 1964-$eauthor.
=245  10$6880-02$aQiṣṣahʹhā-yi mādām /$cSuhaylā Fakūr ; taṣvīrʹgar, Zahrā Fakhrāyī.
=250  \\$6880-03$aChāp-i nukhust.
=264  \1$6880-04$a[Tihrān] :$bNashr-i Ḥawz̤-i Nuqrah,$c[13]93 [2014]
=300  \\$a127 pages :$billustrations ;$c22 cm
=336  \\$atext$2rdacontent
=337  \\$aunmediated$2rdamedia
=338  \\$avolume$2rdacarrier
=500  \\$aShort stories.
=546  \\$aIn Persian.
=700  1\$6880-05$aFakhrāyī, Zahrā,$eillustrator.
=880  1\$6100-01/$aفکور، سهيلا.
=880  10$6245-02/$aقصه هاى مادام /$cسهيلا فکور ؛ تصويرگر، زهرا فخرايى.
=880  \\$6250-03/$aچاپ نخست.
=880  \1$6264-04/$a[تهران] :$bنشر حوض نقره،$c[13]93 [2014].
=880  1\$6700-05/$aفخرايى، زهرا.
=852  0\$aNNU$bBOBST$cMAIN$p31142056714473

