=LDR  01384cam  22004217i 4500
=001  004149664
=003  NNU
=005  20150708150718.0
=008  150130s2014\\\\ir\\\\\\\\\\\\000\1\per\\
=FMT  \\BK
=010  \\$a2014310752
=020  \\$a9789642160839
=020  \\$a9642160838
=020  \\$a9789642160327
=020  \\$a9642160323
=020  \\$a9789642160860
=020  \\$a9642160862
=035  7\$aipbs14/11073
=035  \\$a(OCoLC)902138958
=037  \\$aLibrary of Congress -- Islamabad Overseas Office
=040  \\$aDLC$beng$erda$cDLC$dOCLCO
=042  \\$alcode
=066  \\$c(3$c(4
=100  1\$6880-01$aṢaffārīʹpūr Iṣfahānī, Humā,$d1990 or 1991-$eauthor.
=245  10$6880-02$aShām-i mahtāb /$cnivishtah-i, Humā Ṣaffārīʹpūr Iṣfahānī.
=250  \\$6880-03$aChāp-i avval.
=264  \1$6880-04$aTihrān :$bShaqāyiq,$c1393 [2014 or 2015]
=300  \\$a613 pages ;$c22 cm
=336  \\$atext$2rdacontent
=337  \\$aunmediated$2rdamedia
=338  \\$avolume$2rdacarrier
=500  \\$aNovel.
=546  \\$aIn Persian.
=880  1\$6100-01/$aصفارى پور اصفهانى، هما.
=880  10$6245-02/$aشام مهتاب /$cنوشته، هما صفارى پور اصفهانى.
=880  \\$6250-03/$aچاپ اول.
=880  \1$6264-04/$aتهران :$bشقايق،$c1393 [2014 or 2015].
=852  0\$aNNU$bBOBST$cMAIN$p31142059600984

