=LDR  01019nam  22003255a 4500
=001  004149668
=003  NNU
=005  20150709150201.0
=008  110222s2014\\\\ir\\\\\\\\\\\\000\f\per\d
=FMT  \\BK
=020  \\$a9789643344801
=020  \\$a9643344800
=035  7\$aipbs14/11077
=035  \\$a(OCoLC)913151497
=040  \\$aHLS$beng$cHLS
=066  \\$c(3$c(4
=100  1\$6880-01$aSāʻīʹvar, Nādir.
=245  10$6880-02$aYāshmāq /$cNādir Sāʻīʹvar.
=250  \\$6880-03$aChāp-i 1.
=260  \\$6880-04$aTihrān :$bIntishārāt-i Rawzanah,$c1393 [2014]
=300  \\$a205 p. ;$c20 cm.
=490  0\$6880-05$aRumān-i Īrānī ;$v8
=500  \\$aNovel.
=752  \\$aIran$dTehran.
=880  1\$6100-01/$aساعیℓور، نادر.
=880  10$6245-02/$aیاشماق /$cنادر ساعیℓور.
=880  \\$6250-03/$aچاپ 1.
=880  \\$6260-04/$aتهران :$bانتشارات روزنه،$c1393 [2014]
=880  0\$6490-05/$aرمان ایرانی ؛$v8
=852  0\$aNNU$bBOBST$cMAIN$p31142056714630

