=LDR  01466cam  22003855i 4500
=001  004149689
=003  NNU
=005  20150709143328.0
=008  141208s2014\\\\ir\\\\\\\\\\\\000\0\pero\
=FMT  \\BK
=010  \\$a2014310612
=020  \\$a9786009427659
=020  \\$a6009427657
=035  7\$aipbs14/10042
=035  \\$a(OCoLC)897946790
=037  \\$aLibrary of Congress -- Islamabad Overseas Office
=040  \\$aDLC$beng$erda$cDLC$dOCLCO
=042  \\$alcode
=043  \\$aa-ir---
=066  \\$c(3$c(4
=100  1\$6880-01$aAfkhamī ʻAqdā, Ilāhah,$d1981 or 1982-
=245  10$6880-02$aḤuqūq va tābiʻīyat-i zan dar izdivājʹhā-yi bayn al-milalī-i āmīkhtah /$cmuʼallif, Ilāhah Afkhamī ʻAqdā
=250  \\$6880-03$aChāp-i avval.
=264  \1$6880-04$aTihrān :$bNashr-i Taʻālī,$c1393 [2014 or 2015]
=300  \\$a119 pages ;$c24 cm
=336  \\$atext$2rdacontent
=337  \\$aunmediated$2rdamedia
=338  \\$avolume$2rdacarrier
=520  \\$aMarried women - Legal status, laws, etc.; Married women - Legal status, laws, etc.- Iran.
=546  \\$aIn Persian.
=880  1\$6100-01/$aافخمى عقدا، الهه.
=880  10$6245-02/$aحقوق و تابعيت زن در ازدواج هاى بين المللى آميخته /$cمؤلف، الهه افخمى عقدا
=880  \\$6250-03/$aچاپ اول.
=880  \1$6264-04/$aتهران :$bنشر تعالى،$c1393 [2014 or 2015].
=852  0\$aNNU$bBOBST$cMAIN$p31142056714796

