=LDR  01497cam  22004217i 4500
=001  004159727
=003  NNU
=005  20150714155044.0
=008  150714s2014\\\\fr\\\\\\\\\\\\000\j\per\\
=FMT  \\BK
=010  \\$a2014371691
=020  \\$a9782366122930
=020  \\$a2366122934
=020  \\$a9782366123043
=020  \\$a2366123043
=035  \\$a(OCoLC)881065449
=040  \\$aDLC$beng$erda$cDLC$dHLS$dOCLCO$dOCLCF
=066  \\$c(3$c(4
=100  1\$6880-01$aShiʻār, ʻAlī Ismāʻīl.
=245  10$6880-02$aĀfarīnish rū-yi bārīkah-yi mūkit /$cʻAlī Ismāʻīl Shiʻār.
=250  \\$6880-03$aChāp-i nukhust.
=264  \1$6880-04$aPārīs :$bNashr-i Nākujā,$c2014.
=300  \\$a148 pages ;$c23 cm.
=336  \\$atext$btxt$2rdacontent
=337  \\$aunmediated$bn$2rdamedia
=338  \\$avolume$bnc$2rdacarrier
=490  0\$6880-05$aMajmūʻah-i safar bih dīgar sū, dāstān-i kūtāh
=500  \\$aShort stories.
=546  \\$aIn Persian.
=651  \0$aIran$xGeography.
=650  \7$aGeography.$2fast$0(OCoLC)fst00940469
=651  \7$aIran.$2fast$0(OCoLC)fst01204889
=880  1\$6100-01/$aشعار، على اسماعيل.
=880  10$6245-02/$aآفرينش روى باريکه ى موکت /$cعلى اسماعيل شعار.
=880  \\$6250-03/$aچاپ نخست.
=880  \1$6264-04/$aپاريس :$bنشر ناکجا،$c2014.
=880  0\$6490-05/$aمجموعه سفر به ديگر سو، داستان کوتاه
=852  0\$aNNU$bBOBST$cMAIN$p31142056714978

