=LDR  00922cam  22003137i 4500
=001  004159794
=003  NNU
=005  20150714172824.0
=008  150714s2013\\\\sw\\\\\\\\\\\\000\p\per\\
=FMT  \\BK
=010  \\$a2014428012
=020  \\$a9789163729973
=020  \\$a9163729970
=035  \\$a(OCoLC)888402883
=040  \\$aDLC$beng$erda$cDLC
=066  \\$c(3$c(4
=100  1\$6880-01$aNizhādʹmihr, Rasūl.
=245  10$6880-02$aSīʹpārah =$bFragments /$cRasūl Nizhādʹmihr.
=246  15$aFragments
=264  \1$a[Sweden] :$bRumi Gothenburg,$c2013.
=300  \\$a79 pages ;$c17 cm
=336  \\$atext$btxt$2rdacontent
=337  \\$aunmediated$bn$2rdamedia
=338  \\$avolume$bnc$2rdacarrier
=500  \\$aPoems.
=546  \\$aIn Persian.
=880  1\$6100-01/$aنژاد مهر، رسول.
=880  10$6245-02/$aسى پاره =$bFragments /$cرسول نژاد مهر.
=852  0\$aNNU$bBOBST$cMAIN$p31142056714945

