=LDR  01105nam  22003377i 4500
=001  004159942
=003  NNU
=005  20150715105340.0
=008  150715s2015\\\\sw\\\\\\\\\\\\000\f\per\\
=FMT  \\BK
=010  \\$a2015377196
=020  \\$a9789187975028
=020  \\$a9187975025
=035  \\$a(OCoLC)907556960
=040  \\$aDLC$beng$erda$cDLC
=066  \\$c(3$c(4
=100  1\$6880-01$aKhūshʹnaẓar, Riz̤ā.
=245  10$6880-02$aPayghambar-i kallahʹkadū zīr-i sāʻat-i murdah /$cRiz̤ā Khūshʹnaẓar.
=250  \\$6880-03$aChāp-i avval.
=264  \1$6880-04$aIstukhulm :$bNashr-i Fākhtah,$c2015.
=300  \\$a103 pages ;$c22 cm
=336  \\$atext$btxt$2rdacontent
=337  \\$aunmediated$bn$2rdamedia
=338  \\$avolume$bnc$2rdacarrier
=500  \\$aNovel.
=546  \\$aIn Persian.
=880  1\$6100-01/$aخوش نظر، رضا.
=880  10$6245-02/$aپيغمبر کله کدو زير ساعت مرده /$cرضا خوش نظر.
=880  \\$6250-03/$aچاپ اول.
=880  \1$6264-04/$aاستکهلم :$bنشر فاخته،$c2015.
=852  0\$aNNU$bBOBST$cMAIN$p31142056717476

