=LDR  01277cam  22003497i 4500
=001  004159961
=003  NNU
=005  20150715115205.0
=008  150715s2013\\\\sw\\\\\\\\\\\\000\f\per\\
=FMT  \\BK
=010  \\$a2014371597
=020  \\$a9789186065867
=020  \\$a9186065866
=035  \\$a(OCoLC)880809471
=040  \\$aDLC$beng$erda$cDLC
=066  \\$c(3$c(4
=100  1\$6880-01$aMahdavī Shahmīrzādī, Mahdī.
=245  10$6880-02$aĀyinahʹhā-yi gird va kūchak-i Sīmīn =$bSimin's round and small looking glasses /$cMahdī Mahdavī Shahmīrzādī.
=246  15$aSimin's round and small looking glasses
=250  \\$6880-03$aChāp-i avval.
=264  \1$6880-04$aSūʼid :$bKitāb-i Arzān,$c2013.
=300  \\$a363 pages ;$c21 cm
=336  \\$atext$btxt$2rdacontent
=337  \\$aunmediated$bn$2rdamedia
=338  \\$avolume$bnc$2rdacarrier
=500  \\$aA novel.
=546  \\$aIn Persian.
=880  1\$6100-01/$aمهدوى شهميرزادى، مهدى.
=880  10$6245-02/$aآينه هاى گرد و کوچک سيمين =$bSimin's round and small looking glasses /$cمهدى مهدوى شهميرزادى.
=880  \\$6250-03/$aچاپ اول.
=880  \1$6264-04/$aسوئد :$bکتاب ارزان،$c2013.
=852  0\$aNNU$bBOBST$cMAIN$p31142056717245

