=LDR  01227cam  22003377i 4500
=001  004160000
=003  NNU
=005  20150715134655.0
=008  150715s2013\\\\sw\\\\\\\\\\\\000\p\per\\
=FMT  \\BK
=010  \\$a2014428113
=020  \\$a9789186065614
=020  \\$a9186065610
=035  \\$a(OCoLC)889010720
=040  \\$aDLC$beng$erda$cDLC$dOCLCO
=066  \\$c(3$c(4
=100  1\$6880-01$aRavānʹshīd, M.,$d1966-
=245  10$6880-02$aKhudāʹḥāfiẓ ay yādigārhā-yi pinhān - Dar man zanī tanhāst =$bFarewell! - My secret memories /$cM. Ravānʹshīd.
=246  15$aFarewell! - My secret memories
=250  \\$6880-03$aChāp-i avval.
=264  \1$6880-04$aSūʼid :$bNashr-i Arzān,$c2013.
=300  \\$a178 pages ;$c21 cm
=336  \\$atext$btxt$2rdacontent
=337  \\$aunmediated$bn$2rdamedia
=338  \\$avolume$bnc$2rdacarrier
=500  \\$aPoems.
=880  1\$6100-01/$aروان شيد، م.
=880  10$6245-02/$aخداحافظ ى يادگارهاى پنهان - در من زنى تنهاست =$bFarewell! - My secret memories /$cم. روان شيد.
=880  \\$6250-03/$aچاپ اول.
=880  \1$6264-04/$aسوئد :$bنشر ارزان،$c2013.
=852  0\$aNNU$bBOBST$cMAIN$p31142056717294

