=LDR  00470nam  22001695i 4500
=001  004202309
=003  NNU
=005  20151103101122.0
=008  151102s2015\\\\ir\\\\\\\\\\\\000\0\per\d
=FMT  \\BK
=020  \\$a9789646357628
=035  \\$a(ipbs)15/03009
=035  7\$aipbs15/03009
=040  \\$aNNU$cNNU
=245  10$aKānūn-i Bānuvān bā rūykardī bih rīshahʹhā-yi tārīkhī-i ḥarakatʹhā-yi zanān dar Īrān :
=260  \\$c2015
=852  0\$aNNU$bBOBST$cMAIN$p31142059874530

