=LDR  00416nam  22001695i 4500
=001  004202310
=003  NNU
=005  20151103102021.0
=008  151102s2015\\\\ir\\\\\\\\\\\\000\0\per\d
=FMT  \\BK
=020  \\$a9786001380655
=035  \\$a(ipbs)15/03011
=035  7\$aipbs15/03011
=040  \\$aNNU$cNNU
=245  10$aAṭlas-i mashāghil-i būmī-i ustān-i Markazī :
=260  \\$c2015
=852  0\$aNNU$bBOBST$cMAIN$p31142059874548

