=LDR  00415nam  22001695i 4500
=001  004202321
=003  NNU
=005  20151103112457.0
=008  151102s2015\\\\ir\\\\\\\\\\\\000\0\per\d
=FMT  \\BK
=020  \\$a9786009441464
=035  \\$a(ipbs)15/03022
=035  7\$aipbs15/03022
=040  \\$aNNU$cNNU
=245  10$aĀn rūzʹhā ... "iʻlānʹhā va āgahīʹhā" :
=260  \\$c2015
=852  0\$aNNU$bBOBST$cMAIN$p31142057856976

