=LDR  00404nam  22001695i 4500
=001  004202328
=003  NNU
=005  20151103132138.0
=008  151102s2015\\\\ir\\\\\\\\\\\\000\0\per\d
=FMT  \\BK
=020  \\$a9786003470323
=035  \\$a(ipbs)15/03030
=035  7\$aipbs15/03030
=040  \\$aNNU$cNNU
=245  10$aGhaẕāʹhā-yi sunnatī-i Bihbahān :
=260  \\$c2015
=852  0\$aNNU$bBOBST$cMAIN$p31142057857016

