=LDR  00429nam  22001695i 4500
=001  004202333
=003  NNU
=005  20151103134733.0
=008  151102s2015\\\\ir\\\\\\\\\\\\000\0\per\d
=FMT  \\BK
=020  \\$a9786002781215
=035  \\$a(ipbs)15/03035
=035  7\$aipbs15/03035
=040  \\$aNNU$cNNU
=245  10$aNaqsh barʹjastahʹhā-yi nūʹyāftah-i Sāsānī (1950-2004) :
=260  \\$c2015
=852  0\$aNNU$bBOBST$cMAIN$p31142059874514

