=LDR  00380nam  22001695i 4500
=001  004202341
=003  NNU
=005  20151103152856.0
=008  151102s2015\\\\ir\\\\\\\\\\\\000\0\per\d
=FMT  \\BK
=020  \\$a9789648765649
=035  \\$a(ipbs)15/03043
=035  7\$aipbs15/03043
=040  \\$aNNU$cNNU
=245  10$aKitāb-i gham :
=260  \\$c2015
=852  0\$aNNU$bBOBST$cMAIN$p31142056986402

