=LDR  00419nam  22001695i 4500
=001  004202343
=003  NNU
=005  20151103155153.0
=008  151102s2015\\\\ir\\\\\\\\\\\\000\0\per\d
=FMT  \\BK
=020  \\$a9786003000346
=035  \\$a(ipbs)15/03045
=035  7\$aipbs15/03045
=040  \\$aNNU$cNNU
=245  10$aFarrukī Yazdī: saranjām-i yak ruʼyā-yi siyāsī :
=260  \\$c2015
=852  0\$aNNU$bBOBST$cMAIN$p31142056986386

