=LDR  00388nam  22001695i 4500
=001  004202353
=003  NNU
=005  20151103173501.0
=008  151102s2015\\\\ir\\\\\\\\\\\\000\0\per\d
=FMT  \\BK
=020  \\$a9789643514181
=035  \\$a(ipbs)15/03055
=035  7\$aipbs15/03055
=040  \\$aNNU$cNNU
=245  10$aʻAzādārān-i Bayal :
=260  \\$c2015
=852  0\$aNNU$bBOBST$cMAIN$p31142056986519

