=LDR  00388nam  22001695i 4500
=001  004202354
=003  NNU
=005  20151104082554.0
=008  151102s2015\\\\ir\\\\\\\\\\\\000\0\per\d
=FMT  \\BK
=020  \\$a9786007115060
=035  \\$a(ipbs)15/03056
=035  7\$aipbs15/03056
=040  \\$aNNU$cNNU
=245  10$aBājā ham haq dārad :
=260  \\$c2015
=852  0\$aNNU$bBOBST$cMAIN$p31142056986527

