=LDR  00387nam  22001695i 4500
=001  004202355
=003  NNU
=005  20151104083120.0
=008  151102s2015\\\\ir\\\\\\\\\\\\000\0\per\d
=FMT  \\BK
=020  \\$a9789643292348
=035  \\$a(ipbs)15/03057
=035  7\$aipbs15/03057
=040  \\$aNNU$cNNU
=245  10$aBandʹhā-yi khālī :
=260  \\$c2015
=852  0\$aNNU$bBOBST$cMAIN$p31142060734392

