=LDR  00399nam  22001695i 4500
=001  004202356
=003  NNU
=005  20151104083948.0
=008  151102s2015\\\\ir\\\\\\\\\\\\000\0\per\d
=FMT  \\BK
=020  \\$a9786005639377
=035  \\$a(ipbs)15/03058
=035  7\$aipbs15/03058
=040  \\$aNNU$cNNU
=245  10$aBarā-yi pīrahanat mīʹmīrand :
=260  \\$c2015
=852  0\$aNNU$bBOBST$cMAIN$p31142060734400

