=LDR  00387nam  22001695i 4500
=001  004202357
=003  NNU
=005  20151104085011.0
=008  151102s2015\\\\ir\\\\\\\\\\\\000\0\per\d
=FMT  \\BK
=020  \\$a9786003760042
=035  \\$a(ipbs)15/03059
=035  7\$aipbs15/03059
=040  \\$aNNU$cNNU
=245  10$aDastfurūsh-i mitrū :
=260  \\$c2015
=852  0\$aNNU$bBOBST$cMAIN$p31142060734418

