=LDR  00398nam  22001695i 4500
=001  004202365
=003  NNU
=005  20151104092518.0
=008  151102s2015\\\\ir\\\\\\\\\\\\000\0\per\d
=FMT  \\BK
=020  \\$a9786007033111
=035  \\$a(ipbs)15/03067
=035  7\$aipbs15/03067
=040  \\$aNNU$cNNU
=245  10$aMīrān (majmūʻah-i dāstān) :
=260  \\$c2015
=852  0\$aNNU$bBOBST$cMAIN$p31142044566712

