=LDR  00382nam  22001695i 4500
=001  004202369
=003  NNU
=005  20151104101143.0
=008  151102s2015\\\\ir\\\\\\\\\\\\000\0\per\d
=FMT  \\BK
=020  \\$a9786005639407
=035  \\$a(ipbs)15/03071
=035  7\$aipbs15/03071
=040  \\$aNNU$cNNU
=245  10$aRusvāʹkhānah :
=260  \\$c2015
=852  0\$aNNU$bBOBST$cMAIN$p31142060734475

