=LDR  00395nam  22001695i 4500
=001  004202371
=003  NNU
=005  20151104102756.0
=008  151102s2015\\\\ir\\\\\\\\\\\\000\0\per\d
=FMT  \\BK
=020  \\$a9789643519148
=035  \\$a(ipbs)15/03073
=035  7\$aipbs15/03073
=040  \\$aNNU$cNNU
=245  10$aSamfūnī-i sih shanbahʹhā :
=260  \\$c2015
=852  0\$aNNU$bBOBST$cMAIN$p31142060734491

