=LDR  00387nam  22001695i 4500
=001  004202376
=003  NNU
=005  20151104111230.0
=008  151102s2015\\\\ir\\\\\\\\\\\\000\0\per\d
=FMT  \\BK
=020  \\$a9786001756924
=035  \\$a(ipbs)15/03078
=035  7\$aipbs15/03078
=040  \\$aNNU$cNNU
=245  10$aJā-yi pā-yi Jalāl :
=260  \\$c2015
=852  0\$aNNU$bBOBST$cMAIN$p31142059874571

