=LDR  00476nam  22001695i 4500
=001  004202394
=003  NNU
=005  20151104155808.0
=008  151102s2015\\\\ir\\\\\\\\\\\\000\0\per\d
=FMT  \\BK
=020  \\$a9786001757358
=035  \\$a(ipbs)15/03096
=035  7\$aipbs15/03096
=040  \\$aNNU$cNNU
=245  10$aBāzʹandīshī-i intiqādī "Pursishʹhā-yi jang" va "Jang-i Īrān va ʻIrāq; mawz̤ūʻāt va masāʼil" :
=260  \\$c2015
=852  0\$aNNU$bBOBST$cMAIN$p31142055321486

