=LDR  00458nam  22001695i 4500
=001  004202395
=003  NNU
=005  20151104161315.0
=008  151102s2015\\\\ir\\\\\\\\\\\\000\0\per\d
=FMT  \\BK
=020  \\$a9786007212011
=035  \\$a(ipbs)15/03097
=035  7\$aipbs15/03097
=040  \\$aNNU$cNNU
=245  10$aGuftimān-i iʻtidāl ; guẕarī bar ārā va andīshahʹhā-yi duktur Ḥasan Rawḥānī :
=260  \\$c2015
=852  0\$aNNU$bBOBST$cMAIN$p31142055321494

