=LDR  00502nam  22001695i 4500
=001  004202405
=003  NNU
=005  20151105085405.0
=008  151102s2015\\\\ir\\\\\\\\\\\\000\0\per\d
=FMT  \\BK
=020  \\$a9789649887494
=035  \\$a(ipbs)15/04009
=035  7\$aipbs15/04009
=040  \\$aNNU$cNNU
=245  10$aYakṣad sanad az ravābiṭ-i farhangī-i Īrān va ʻIrāq mawjūd dar Kitābkhānah-i Majlis-i Shūrā-yi Islāmī - Tihrān, Īrān :
=260  \\$c2015
=852  0\$aNNU$bBOBST$cMAIN$p31142059874779

