=LDR  00463nam  22001695i 4500
=001  004202408
=003  NNU
=005  20151105092118.0
=008  151102s2015\\\\ir\\\\\\\\\\\\000\0\per\d
=FMT  \\BK
=020  \\$a9786006248387
=035  \\$a(ipbs)15/04012
=035  7\$aipbs15/04012
=040  \\$aNNU$cNNU
=245  10$aTajallī-i khurdah farhangʹhā-yi Īrānī Islāmī dar ṭarrāḥī-i faz̤āʹhā-yi shahrī :
=260  \\$c2015
=852  0\$aNNU$bBOBST$cMAIN$p31142059874803

