=LDR  02178cam  2200469 i 4500
=001  004202410
=003  NNU
=005  20160122154338.0
=008  150630s2014\\\\ir\bd\\\\b\\\\000\0\per\\
=FMT  \\BK
=010  \\$a2015326590
=020  \\$a9789643616731
=020  \\$a9643616738
=035  7\$aipbs15/04014
=035  \\$a(OCoLC)913117244
=037  \\$aLibrary of Congress -- Islamabad Overseas Office
=040  \\$aDLC$beng$erda$cDLC$dOCLCO
=042  \\$alcode
=043  \\$aa-ir---
=066  \\$c(3$c(4
=100  1\$6880-01$aSharīʻatīʹniyā, Muḥsin,$d1978 or 1979-$eauthor.
=245  10$6880-02$aHamgarāyī-i Āsiyāyī :$bfurṣatʹhā va tahdīdāt barā-yi Īrān = Asian integration : opportunities and threats for Iran /$cMuḥsin Sharīʻatīʹniyā, Zahrā Tawḥīdī.
=246  15$aAsian integration :$bopportunities and threats for Iran
=250  \\$6880-03$aChāp-i avval.
=264  \1$6880-04$aTihrān :$bIdārah-i Nashr-i Vizārat-i Umūr-i Khārijah,$c2014.
=300  \\$a178 pages :$bmaps, charts ;$c24 cm
=336  \\$atext$2rdacontent
=337  \\$aunmediated$2rdamedia
=338  \\$avolume$2rdacarrier
=500  \\$a" Daftar-i Muṭālaʻāt-i Siyāsī va Bayn al-Milalī".
=504  \\$aIncludes bibliographical references (pages 165-178).
=520  \\$aAsia -- Economic conditions -- 1945- ; Economic forecasting - Asia ; Economic assistance, Iran -- Asia.
=546  \\$aIn Persian.
=700  1\$6880-05$aTawḥīdī, Zahrā,$eauthor.
=710  2\$6880-06$aDaftar-i Muṭālaʻāt-i Siyāsī va Bayn al-Milalī (Iran)
=880  1\$6100-01/$aشريعتى‌نيا، محسن.
=880  10$6245-02/$aهمگرايى آسيايى :$bفرصت‌ها و تهديدات براى ايران = Asian integration : opportunities and threats for Iran /$cمحسن شريعتى‌نيا، زهرا توحيدى.
=880  \\$6250-03/$aچاپ اول.
=880  \1$6264-04/$aتهران :$bاداره نشر وزارت امور خارجه،$c2014.
=880  1\$6700-05/$aتوحيدى، زهرا،$eauthor.
=880  2\$6710-06/$aدفتر مطالعات سياسى و بين المللى (رن)
=852  0\$aNNU$bBOBST$cMAIN$p31142059874829

