=LDR  00451nam  22001695i 4500
=001  004202413
=003  NNU
=005  20151105101427.0
=008  151102s2015\\\\ir\\\\\\\\\\\\000\0\per\d
=FMT  \\BK
=020  \\$a9786003230279
=035  \\$a(ipbs)15/04017
=035  7\$aipbs15/04017
=040  \\$aNNU$cNNU
=245  10$aḤuqūq-i muttaham-i taḥt-i naẓarī dar niẓām-i ḥuqūq-i kayfarī-i Īrān :
=260  \\$c2015
=852  0\$aNNU$bBOBST$cMAIN$p31142059874852

