=LDR  00438nam  22001695i 4500
=001  004202422
=003  NNU
=005  20151105112411.0
=008  151102s2015\\\\ir\\\\\\\\\\\\000\0\per\d
=FMT  \\BK
=020  \\$a9786007363027
=035  \\$a(ipbs)15/04036
=035  7\$aipbs15/04036
=040  \\$aNNU$cNNU
=245  10$aMiʻmārī-i pāydār: ulgūʹhā-yi pāydārī dar miʻmārī-i Īrān :
=260  \\$c2015
=852  0\$aNNU$bBOBST$cMAIN$p31142059874944

