=LDR  00419nam  22001695i 4500
=001  004202423
=003  NNU
=005  20151105113019.0
=008  151102s2015\\\\ir\\\\\\\\\\\\000\0\per\d
=FMT  \\BK
=020  \\$a9789649887968
=035  \\$a(ipbs)15/04037
=035  7\$aipbs15/04037
=040  \\$aNNU$cNNU
=245  10$aGuẕarī bar mīrās\U+0331\-i miʻmārī-i ʻIrāq :
=260  \\$c2015
=852  0\$aNNU$bBOBST$cMAIN$p31142059874951

