=LDR  00424nam  22001695i 4500
=001  004202424
=003  NNU
=005  20151105113618.0
=008  151102s2015\\\\ir\\\\\\\\\\\\000\0\per\d
=FMT  \\BK
=020  \\$a9789643065522
=035  \\$a(ipbs)15/04038
=035  7\$aipbs15/04038
=040  \\$aNNU$cNNU
=245  10$aNuqūsh-i tazʼīnī-i Īrān dar hunar-i kāshīʹkārī :
=260  \\$c2015
=852  0\$aNNU$bBOBST$cMAIN$p31142059874969

