=LDR  00371nam  22001695i 4500
=001  004202427
=003  NNU
=005  20151105124631.0
=008  151102s2015\\\\ir\\\\\\\\\\\\000\0\per\d
=FMT  \\BK
=020  \\$a9786003760035
=035  \\$a(ipbs)15/04041
=035  7\$aipbs15/04041
=040  \\$aNNU$cNNU
=245  10$aGāv :
=260  \\$c2015
=852  0\$aNNU$bBOBST$cMAIN$p31142060734541

