=LDR  00475nam  22001695i 4500
=001  004202440
=003  NNU
=005  20151105142042.0
=008  151102s2015\\\\ir\\\\\\\\\\\\000\0\per\d
=FMT  \\BK
=020  \\$a9786003162297
=035  \\$a(ipbs)15/04046
=035  7\$aipbs15/04046
=040  \\$aNNU$cNNU
=245  10$aNigāhī dīgar: bāzʹbīnī-i mutūn-i mans\U+0331\ūr-i adab-i Fārsī az manẓar-i ḥūqūq-i kayfarī :
=260  \\$c2015
=852  0\$aNNU$bBOBST$cMAIN$p31142059875040

