=LDR  02045cam  22004455i 4500
=001  004202445
=003  NNU
=005  20160208154335.0
=008  150630s2014\\\\ir\\\\\\\\\\\\000\0\per\\
=FMT  \\BK
=010  \\$a2015326619
=020  \\$a9786003130920
=020  \\$a600313092X
=035  7\$aipbs15/04051
=035  \\$a(OCoLC)912874522
=037  \\$aLibrary of Congress -- Islamabad Overseas Office
=040  \\$aDLC$beng$erda$cDLC$dOCLCO
=042  \\$alcode
=066  \\$c(3$c(4
=100  1\$6880-01$aShukūhī Tabrīzī, Mahdī,$d1831 or 1832-1895 or 1896.
=245  10$6880-02$aKullīyāt-i Ḥājj Mahdī Shukūhī :$baz shāʻirān-i ṭanz pardāz-i dawrah-i Qājār dar Āẕarbāyjān /$ctaṣḥīḥ-i Yūsuf Bayg Bābāʹpūr, Masʻūd Ghulāmīyah ; bā muqaddamah-ʼi Duktur Jalāl JalālʹShukūhī.
=250  \\$6880-03$aChāp-i avval.
=264  \1$6880-04$aتهران :$bسفير اردهال،$c2014.
=300  \\$a380 pages
=336  \\$atext$2rdacontent
=337  \\$aunmediated$2rdamedia
=338  \\$avolume$2rdacarrier
=490  0\$6880-05$aMamjūʻah-i iḥyā-yi mutūn.$aMīrās̲-i Marāghah ;$v10
=520  \\$aPersian poetry - 20th century ; Azerbaijani poetry - Iran - 20th century.
=546  \\$aIn Persian.
=700  1\$6880-06$aGhulāmīyah, Masʻūd,$d1967 or 1968-
=700  1\$6880-07$aBābāpūr, Yūsuf Bayg.
=880  1\$6100-01/$aشکوهى تبريزى، مهدى.
=880  10$6245-02/$aکليات حاج مهدى شکوهى :$bاز شاعران طنز پرداز دوره قاجار در آذربايجان /$cتصحيح يوسف بيگ بابا‌پور، مسعود غلاميه ؛ با مقدمۀ دکتر جلال جلال‌شکوهى.
=880  \\$6250-03/$aچاپ اول.
=880  \1$6264-04/$aTihrān :$bSafīr-i Ardihāl,$c2014.
=880  0\$6490-05/$aممجوعه احياى متون.$aميراث مراغه ؛$v10
=880  1\$6700-06/$aغلاميه، مسعود.
=880  1\$6700-07/$aباباپور، يوسف بيگ.
=852  0\$aNNU$bBOBST$cMAIN$p31142059875099

