=LDR  00432nam  22001695i 4500
=001  004202450
=003  NNU
=005  20151109090019.0
=008  151102s2015\\\\ir\\\\\\\\\\\\000\0\per\d
=FMT  \\BK
=020  \\$a9789643518066
=035  \\$a(ipbs)15/04056
=035  7\$aipbs15/04056
=040  \\$aNNU$cNNU
=245  10$aArmaghān-i dust: shiʻr va zindagī-i Sayyid ʻAlī Ṣāliḥī :
=260  \\$c2015
=852  0\$aNNU$bBOBST$cMAIN$p31142060734608

