=LDR  00387nam  22001695i 4500
=001  004202458
=003  NNU
=005  20151109102646.0
=008  151102s2015\\\\ir\\\\\\\\\\\\000\0\per\d
=FMT  \\BK
=020  \\$a9786003670594
=035  \\$a(ipbs)15/04064
=035  7\$aipbs15/04064
=040  \\$aNNU$cNNU
=245  10$aDastʹnivishtahʹhā :
=260  \\$c2015
=852  0\$aNNU$bBOBST$cMAIN$p31142060734681

