=LDR  00397nam  22001695i 4500
=001  004202463
=003  NNU
=005  20151109110424.0
=008  151102s2015\\\\ir\\\\\\\\\\\\000\0\per\d
=FMT  \\BK
=020  \\$a9789643809641
=035  \\$a(ipbs)15/04069
=035  7\$aipbs15/04069
=040  \\$aNNU$cNNU
=245  10$aPāyān-i khūsh-i nāʹtamām :
=260  \\$c2015
=852  0\$aNNU$bBOBST$cMAIN$p31142060734723

