=LDR  00381nam  22001695i 4500
=001  004202470
=003  NNU
=005  20151110091909.0
=008  151102s2015\\\\ir\\\\\\\\\\\\000\0\per\d
=FMT  \\BK
=020  \\$a9786007033272
=035  \\$a(ipbs)15/04076
=035  7\$aipbs15/04076
=040  \\$aNNU$cNNU
=245  10$aIstātūs bāz :
=260  \\$c2015
=852  0\$aNNU$bBOBST$cMAIN$p31142060734806

