=LDR  00441nam  22001695i 4500
=001  004202481
=003  NNU
=005  20151110104625.0
=008  151102s2015\\\\ir\\\\\\\\\\\\000\0\per\d
=FMT  \\BK
=020  \\$a9789645175168
=035  \\$a(ipbs)15/04087
=035  7\$aipbs15/04087
=040  \\$aNNU$cNNU
=245  10$aNaqsh-i Markaz-i Ghaybī-i Tabrīz dar inqilāb-i mashrūṭīyat-i Īrān :
=260  \\$c2015
=852  0\$aNNU$bBOBST$cMAIN$p31142060734848

