=LDR  00487nam  22001695i 4500
=001  004202483
=003  NNU
=005  20151110105903.0
=008  151102s2015\\\\ir\\\\\\\\\\\\000\0\per\d
=FMT  \\BK
=020  \\$a9789641853879
=035  \\$a(ipbs)15/04089
=035  7\$aipbs15/04089
=040  \\$aNNU$cNNU
=245  10$aĀqā-yi ustāndār: khāṭirāt-i ʻAlī ʻAbd al-ʻAlīʹzādah az dawrān-i ustāndārī-i Āẕarbāyjān-i Sharqī :
=260  \\$c2015
=852  0\$aNNU$bBOBST$cMAIN$p31142059875206

