=LDR  00390nam  22001695i 4500
=001  004202492
=003  NNU
=005  20151110115448.0
=008  151102s2015\\\\ir\\\\\\\\\\\\000\0\per\d
=FMT  \\BK
=020  \\$a9789642995370
=035  \\$a(ipbs)15/05003
=035  7\$aipbs15/05003
=040  \\$aNNU$cNNU
=245  10$aGāhān va Zand Gāhān :
=260  \\$c2015
=852  0\$aNNU$bBOBST$cMAIN$p31142059875297

