=LDR  00430nam  22001695i 4500
=001  004202496
=003  NNU
=005  20151110122116.0
=008  151102s2015\\\\ir\\\\\\\\\\\\000\0\per\d
=FMT  \\BK
=020  \\$a9786006730134
=035  \\$a(ipbs)15/05007
=035  7\$aipbs15/05007
=040  \\$aNNU$cNNU
=245  10$aMunjīʹbāvarī dar kīsh-i Zartushtī va adyān-i Ibrāhīmī :
=260  \\$c2015
=852  0\$aNNU$bBOBST$cMAIN$p31142059875339

