=LDR  00408nam  22001695i 4500
=001  004202497
=003  NNU
=005  20151110130146.0
=008  151102s2015\\\\ir\\\\\\\\\\\\000\0\per\d
=FMT  \\BK
=020  \\$a9789645405517
=035  \\$a(ipbs)15/05008
=035  7\$aipbs15/05008
=040  \\$aNNU$cNNU
=245  10$aBarguzārī-i Ḥaj dar dawrah-i Pahlavī :
=260  \\$c2015
=852  0\$aNNU$bBOBST$cMAIN$p31142059875347

