=LDR  00411nam  22001695i 4500
=001  004202498
=003  NNU
=005  20151110130627.0
=008  151102s2015\\\\ir\\\\\\\\\\\\000\0\per\d
=FMT  \\BK
=020  \\$a9789643214005
=035  \\$a(ipbs)15/05010
=035  7\$aipbs15/05010
=040  \\$aNNU$cNNU
=245  10$aButʹhā-yi ẕihnī va khāṭirah-i azalī :
=260  \\$c2015
=852  0\$aNNU$bBOBST$cMAIN$p31142059875354

