=LDR  00409nam  22001695i 4500
=001  004202501
=003  NNU
=005  20151110132730.0
=008  151102s2015\\\\ir\\\\\\\\\\\\000\0\per\d
=FMT  \\BK
=020  \\$a9789643659516
=035  \\$a(ipbs)15/05014
=035  7\$aipbs15/05014
=040  \\$aNNU$cNNU
=245  10$aIran Statistical Yearbook 1391 (2012-2013) :
=260  \\$c2015
=852  0\$aNNU$bBOBST$cMAIN$p31142059875396

