=LDR  00420nam  22001575i 4500
=001  004202511
=003  NNU
=005  20151110150357.0
=008  151102s2015\\\\ir\\\\\\\\\\\\000\0\per\d
=FMT  \\BK
=035  \\$a(ipbs)15/05026
=035  7\$aipbs15/05026
=040  \\$aNNU$cNNU
=245  10$aIṭṭilāʻāt-i qaymat va ijārah-i maskan dar shahr-i Tihrān Tābistān-i 1393 :
=260  \\$c2015
=852  0\$aNNU$bBOBST$cMAIN$p31142059875495

