=LDR  00392nam  22001695i 4500
=001  004202547
=003  NNU
=005  20151111113906.0
=008  151102s2015\\\\ir\\\\\\\\\\\\000\0\per\d
=FMT  \\BK
=020  \\$a9786006826738
=035  \\$a(ipbs)15/05065
=035  7\$aipbs15/05065
=040  \\$aNNU$cNNU
=245  10$aNigarishʹhā-yi Īrānī :
=260  \\$c2015
=852  0\$aNNU$bBOBST$cMAIN$p31142059875727

