=LDR  00383nam  22001695i 4500
=001  004202548
=003  NNU
=005  20151111114401.0
=008  151102s2015\\\\ir\\\\\\\\\\\\000\0\per\d
=FMT  \\BK
=020  \\$a9786007075296
=035  \\$a(ipbs)15/05066
=035  7\$aipbs15/05066
=040  \\$aNNU$cNNU
=245  10$aAbavī-i Fadavī :
=260  \\$c2015
=852  0\$aNNU$bBOBST$cMAIN$p31142060735027

