=LDR  01690cam  22004457i 4500
=001  004202549
=003  NNU
=005  20160208143952.0
=008  150730s2015\\\\ir\\\\\\\\\\\\000\1\per\\
=FMT  \\BK
=010  \\$a2015326733
=020  \\$a9786007075289
=020  \\$a6007075281
=035  7\$aipbs15/05067
=035  \\$a(OCoLC)915310009
=037  \\$aLibrary of Congress -- Islamabad Overseas Office
=040  \\$aDLC$beng$erda$cDLC$dOCLCO
=042  \\$alcode
=066  \\$c(3$c(4
=100  1\$6880-01$aSākī, Riz̤ā,$eauthor.
=245  10$6880-02$aAṣan yih vaz̤ī /$cRiz̤ā Sākī ; dabīr-i muḥtavā, Umīd Mahdīʹnizhād ; vīrāstār, Mīnā Ḥāmidī.
=250  \\$6880-03$aChāp-i avval.
=264  \1$6880-04$a[تهران] :$bکتاب قاف،$c1394 [2015].
=300  \\$a75 pages, 3 unnumbered pages ;$c17 cm.
=336  \\$atext$btxt$2rdacontent
=337  \\$aunmediated$bn$2rdamedia
=338  \\$avolume$bnc$2rdacarrier
=490  0\$6880-05$aAz majmūʻah-i Qāf-i labkhand
=500  \\$aWit and humor.
=546  \\$aIn Persian.
=700  1\$6880-06$aMahdīʹnizhād, Umīd,$d1979 or 1980-
=700  1\$6880-07$aḤāmidī, Mīnā,$eeditor.
=880  1\$6100-01/$aساکى، رضا.
=880  10$6245-02/$aاصن يه وضى /$cرضا ساکى ؛ دبير محتوا، اميد مهدى‌نژاد ؛ ويراستار، مينا حامدى.
=880  \\$6250-03/$aچاپ اول.
=880  \1$6264-04/$a[Tihrān] :$bKitāb-i Qāf,$c1394 [2015]
=880  0\$6490-05/$aاز مجموعه قاف لبخند
=880  1\$6700-06/$aمهدى‌نژاد، اميد.
=880  1\$6700-07/$aحامدى، مينا.
=852  0\$aNNU$bBOBST$cMAIN$p31142060735035

