=LDR  00384nam  22001695i 4500
=001  004202550
=003  NNU
=005  20151111115934.0
=008  151102s2015\\\\ir\\\\\\\\\\\\000\0\per\d
=FMT  \\BK
=020  \\$a9786007075258
=035  \\$a(ipbs)15/05068
=035  7\$aipbs15/05068
=040  \\$aNNU$cNNU
=245  10$aAz ūn laḥāẓ :
=260  \\$c2015
=852  0\$aNNU$bBOBST$cMAIN$p31142060735043

