=LDR  00378nam  22001695i 4500
=001  004202552
=003  NNU
=005  20151111120904.0
=008  151102s2015\\\\ir\\\\\\\\\\\\000\0\per\d
=FMT  \\BK
=020  \\$a9786007075562
=035  \\$a(ipbs)15/05070
=035  7\$aipbs15/05070
=040  \\$aNNU$cNNU
=245  10$aBayt bāzī :
=260  \\$c2015
=852  0\$aNNU$bBOBST$cMAIN$p31142060735068

