=LDR  00381nam  22001695i 4500
=001  004202553
=003  NNU
=005  20151111121348.0
=008  151102s2015\\\\ir\\\\\\\\\\\\000\0\per\d
=FMT  \\BK
=020  \\$a9786007075593
=035  \\$a(ipbs)15/05071
=035  7\$aipbs15/05071
=040  \\$aNNU$cNNU
=245  10$aBī sar va tah :
=260  \\$c2015
=852  0\$aNNU$bBOBST$cMAIN$p31142060735076

