=LDR  00387nam  22001695i 4500
=001  004202554
=003  NNU
=005  20151111121813.0
=008  151102s2015\\\\ir\\\\\\\\\\\\000\0\per\d
=FMT  \\BK
=020  \\$a9786007075265
=035  \\$a(ipbs)15/05072
=035  7\$aipbs15/05072
=040  \\$aNNU$cNNU
=245  10$aMarkaz-i mushāvirah :
=260  \\$c2015
=852  0\$aNNU$bBOBST$cMAIN$p31142060735084

