=LDR  00560nam  22001695i 4500
=001  004202561
=003  NNU
=005  20151112100131.0
=008  151102s2015\\\\ir\\\\\\\\\\\\000\0\per\d
=FMT  \\BK
=020  \\$a9786005747904
=035  \\$a(ipbs)15/05079
=035  7\$aipbs15/05079
=040  \\$aNNU$cNNU
=245  10$aTaḥavvul-i andīshah-i siyāsī dar Īrān-i bāstān: muṭāliʻah-i taṭbīqī-i Rīg Vidā, Gāhān, Sang nibishtah-i Baghistān va barʹrasī-i andīshah-i siyāsī-i ʻIlām-i bāstān :
=260  \\$c2015
=852  0\$aNNU$bBOBST$cMAIN$p31142059875743

