=LDR  00458nam  22001695i 4500
=001  004202575
=003  NNU
=005  20151112115430.0
=008  151102s2015\\\\ir\\\\\\\\\\\\000\0\per\d
=FMT  \\BK
=020  \\$a9789646401921
=035  \\$a(ipbs)15/05097
=035  7\$aipbs15/05097
=040  \\$aNNU$cNNU
=245  10$aQum dar dawrah-i Ṣafavīyah (barʹrasī-i farhangī, ijtimāʻī, maẕhabī va siyāsī) :
=260  \\$c2015
=852  0\$aNNU$bBOBST$cMAIN$p31142059875859

