=LDR  00403nam  22001695i 4500
=001  004202578
=003  NNU
=005  20151112134659.0
=008  151102s2015\\\\ir\\\\\\\\\\\\000\0\per\d
=FMT  \\BK
=020  \\$a9786005906165
=035  \\$a(ipbs)NYU5170510275
=035  7\$aipbsNYU-517051-0275
=040  \\$aNNU$cNNU
=245  10$aTabistan dar Badin Badin :
=260  \\$c2015
=852  0\$aNNU$bBOBST$cMAIN$p31142060735175

