=LDR  00385nam  22001695i 4500
=001  004202580
=003  NNU
=005  20151112144322.0
=008  151102s2015\\\\ir\\\\\\\\\\\\000\0\per\d
=FMT  \\BK
=020  \\$a9786005906783
=035  \\$a(ipbs)NYU5170510277
=035  7\$aipbsNYU-517051-0277
=040  \\$aNNU$cNNU
=245  10$aZiytun :
=260  \\$c2015
=852  0\$aNNU$bBOBST$cMAIN$p31142060735191

