=LDR  00411nam  22001695i 4500
=001  004202582
=003  NNU
=005  20151112145918.0
=008  151102s2015\\\\ir\\\\\\\\\\\\000\0\per\d
=FMT  \\BK
=020  \\$a9786006047225
=035  \\$a(ipbs)NYU5170510279
=035  7\$aipbsNYU-517051-0279
=040  \\$aNNU$cNNU
=245  10$aChigunah mitavan rushanfikr shud :
=260  \\$c2015
=852  0\$aNNU$bBOBST$cMAIN$p31142059875917

