=LDR  01024cam  22002775a 4500
=001  003956609
=003  NNU
=005  20141110101159.0
=008  020913s19uu\\\\vra\\\\\\\\\\\000\0\eng\d
=FMT  \\BK
=035  \\$a(OCoLC)223804524
=040  \\$aAU@$beng$cAU@$dOCLCF$dOCLCO
=043  \\$aa-ir---
=082  04$a770.955$221
=100  1\$aÛZakāʹ, Yaḥyá.
=245  10$aTārīkh-i akkāsīva akkāsān-i pīshgām dar Īrān =$bThe history of photography and pioneer photographers in Iran /$cby Yahya Zoka.
=246  31$aHistory of photography and pioneer photographers in Iran
=260  \\$aTihrān :$bShirkat-i Intishārāt-i Ilmī va Farhanī,$c1997.
=300  \\$a581 p. :$bill. ;$c28 cm.
=650  \0$aPhotography$zIran$xHistory.
=650  \0$aPhotographers$zIran$xHistory.
=650  \7$aPhotographers.$2fast$0(OCoLC)fst01061605
=650  \7$aPhotography.$2fast$0(OCoLC)fst01061714
=651  \7$aIran.$2fast$0(OCoLC)fst01204889
=655  \7$aHistory.$2fast$0(OCoLC)fst01411628
=852  0\$aNNU$bNABUD$cMAIN$p31122055010586

