=LDR  00510nam  22001815i 4500
=001  004051682
=003  NNU
=005  00000000000000.0
=008  141020s2014\\\\ir\\\\\\\\\\\\000\0\per\d
=FMT  \\BK
=020  \\$a9786003131446 (Set)
=035  \\$a(ipbs)14/05042
=035  7\$aipbs14/05042
=040  \\$aNNU$cNNU
=245  10$aQarābādīn-i kabīr (majmaʻ al-jawāmiʻ wa dhakhāʼir al-tarātīb) :
=260  \\$c2014
=852  0\$aNNU$bBOBST$cMAIN$p31142057795968$a1$3m.1
=852  0\$aNNU$bBOBST$cMAIN$p31142057795976$a2$3m.2

