=LDR  00821nam  22002655i 4500
=001  004087056
=003  NNU
=005  20160218084023.0
=008  141218s2014\\\\ir\\\\\\\\\\\\000\0\per\d
=FMT  \\BK
=020  \\$a9789641203001 (Set)
=035  \\$a(ipbs)14/07095
=035  7\$aipbs14/07095
=040  \\$aNNU$cNNU
=245  10$aShāhnāmah :
=260  \\$c2014
=852  0\$aNNU$bBOBST$cMAIN$p31142057915012$3V.1
=852  0\$aNNU$bBOBST$cMAIN$p31142057915020$3V.2
=852  0\$aNNU$bBOBST$cMAIN$p31142057915038$3V.3
=852  0\$aNNU$bBOBST$cMAIN$p31142057915046$3V.4
=852  0\$aNNU$bBOBST$cMAIN$p31142057915053$3V.5
=852  0\$aNNU$bBOBST$cMAIN$p31142057915061$3V.6
=852  0\$aNNU$bBOBST$cMAIN$p31142057915079$3V.7
=852  0\$aNNU$bBOBST$cMAIN$p31142057915087$3V.8
=852  0\$aNNU$bBOBST$cMAIN$p31142057915095$3V.9

