=LDR  00530nam  22001935i 4500
=001  004202329
=003  NNU
=005  20151112120832.0
=008  151102s2015\\\\ir\\\\\\\\\\\\000\0\per\d
=FMT  \\BK
=020  \\$a9789647610803 (Vol. 1)
=035  \\$a(ipbs)15/03031
=035  7\$aipbs15/03031
=040  \\$aNNU$cNNU
=245  10$aChikīdahʹī az tārīkh va hunar-i qālīʹbāfī-i mashriq zamīn :
=260  \\$c2015
=300  \\$a2 v.
=852  0\$aNNU$bBOBST$cMAIN$p31142059875875$a1$3v.1
=852  0\$aNNU$bBOBST$cMAIN$p31142059875883$a2$3v.2

