=LDR  00474nam  22001695i 4500
=001  004227784
=003  NNU
=005  00000000000000.0
=008  160125s2015\\\\ir\\\\\\\\\\\\000\0\per\d
=FMT  \\BK
=020  \\$a9786002202260
=035  \\$a(ipbs)15/07001
=035  7\$aipbs15/07001
=040  \\$aNNU$cNNU
=245  10$aAwrāq-i ʻatīq: majmūʻah-i maqālāt-i matnʹpazhūhī, nuskhahʹshināsī va fihristʹnigārī :
=260  \\$c2015
=852  0\$aNNU$bBOBST$cMAIN$p31142055321544$a4$3v.4

