=LDR  00438nam  22001695i 4500
=001  004227791
=003  NNU
=005  20160201142946.0
=008  160125s2015\\\\ir\\\\\\\\\\\\000\0\per\d
=FMT  \\BK
=020  \\$a9786007009383 (Vol. 1)
=035  \\$a(ipbs)15/07009
=035  7\$aipbs15/07009
=040  \\$aNNU$cNNU
=245  10$aḤikmat-i siyāsī-i Islāmī; mafāhīm-i bunyādīn :
=260  \\$c2015
=852  0\$aNNU$bBOBST$cMAIN$p31142059881840$a1$3v.1

