=LDR  00438nam  22001695i 4500
=001  004227792
=003  NNU
=005  20160201143547.0
=008  160125s2015\\\\ir\\\\\\\\\\\\000\0\per\d
=FMT  \\BK
=020  \\$a9786007009390 (Vol. 2)
=035  \\$a(ipbs)15/07010
=035  7\$aipbs15/07010
=040  \\$aNNU$cNNU
=245  10$aḤikmat-i siyāsī-i Islāmī; mafāhīm-i bunyādīn :
=260  \\$c2015
=852  0\$aNNU$bBOBST$cMAIN$p31142059881832$a2$3v.2

