=LDR  00438nam  22001695i 4500
=001  004227793
=003  NNU
=005  20160201144059.0
=008  160125s2015\\\\ir\\\\\\\\\\\\000\0\per\d
=FMT  \\BK
=020  \\$a9786007009406 (Vol. 3)
=035  \\$a(ipbs)15/07011
=035  7\$aipbs15/07011
=040  \\$aNNU$cNNU
=245  10$aḤikmat-i siyāsī-i Islāmī; mafāhīm-i bunyādīn :
=260  \\$c2015
=852  0\$aNNU$bBOBST$cMAIN$p31142059881865$a3$3v.3

