=LDR  00405nam  22001695i 4500
=001  004227796
=003  NNU
=005  20160201150453.0
=008  160125s2015\\\\ir\\\\\\\\\\\\000\0\per\d
=FMT  \\BK
=020  \\$a9789644267970
=035  \\$a(ipbs)15/07015
=035  7\$aipbs15/07015
=040  \\$aNNU$cNNU
=245  10$aDīn dar zamānah va zamīnah-i mudirn :
=260  \\$c2015
=852  0\$aNNU$bBOBST$cMAIN$p31142059881816

