=LDR  00435nam  22001695i 4500
=001  004227797
=003  NNU
=005  20160201151633.0
=008  160125s2015\\\\ir\\\\\\\\\\\\000\0\per\d
=FMT  \\BK
=020  \\$a9786005495782
=035  \\$a(ipbs)15/07016
=035  7\$aipbs15/07016
=040  \\$aNNU$cNNU
=245  10$aBarʹrasī-i taṭbīqī-i qurbānī dar adyān-i Īrānī va Hindī :
=260  \\$c2015
=852  0\$aNNU$bBOBST$cMAIN$p31142059881808

