=LDR  01090nam  2200313 i 4500
=001  004227800
=003  NNU
=005  20160201155139.0
=008  151127s2015\\\\ir\\\\\\\\\\\\000\0\pero\
=FMT  \\BK
=010  \\$a2015325738
=020  \\$a9786005158243
=020  \\$a6005158244
=035  7\$aipbs15/07019
=035  \\$a(OCoLC)930576244
=037  \\$aLibrary of Congress -- Islamabad Overseas Office
=040  \\$aDLC$beng$erda$cDLC
=042  \\$alcode
=100  1\$aKhātūnʹābādī, Muḥammad ibn ʻAlī
=245  10$aMatn-i kāmil-i Chihil ḥadīs̲-i Shaykh Bahāyī (mawsūm bih tarjumah-i Quṭb-i Shāhī "az ʻulamā-yi qarn-i yāzdahum").
=250  \\$aChāp-i avval.
=264  \1$aTihrān :$bFarāhānī,$c2015.
=300  \\$a637 pages
=336  \\$atext$btxt$2rdacontent
=337  \\$aunmediated$bn$2rdamedia
=338  \\$avolume$bnc$2rdacarrier
=520  \\$aĀmilī, Bahāʼ al-Dīn Muḥammad ibn Ḥusayn, 1547-162 ; Arbaʻīn - Criticism and interpretation ; Hadith - Early works to 20th century.
=546  \\$aIn Persian.
=852  0\$aNNU$bBOBST$cMAIN$p31142059881790

