=LDR  00526nam  22001695i 4500
=001  004227802
=003  NNU
=005  20160201155959.0
=008  160125s2015\\\\ir\\\\\\\\\\\\000\0\per\d
=FMT  \\BK
=020  \\$a9789642246649
=035  \\$a(ipbs)15/07021
=035  7\$aipbs15/07021
=040  \\$aNNU$cNNU
=245  10$aFaz̤ā va jāmiʻah; faz̤ā-yi shahrī va nāʹbarābarī-i ijtimāʻī "irāʼah-i ulgūyī barā-yi judāyī guzīnī-i faz̤āyī va payāmadʹhā-yi ān" :
=260  \\$c2015
=852  0\$aNNU$bBOBST$cMAIN$p31142059881782

