=LDR  00443nam  22001695i 4500
=001  004227808
=003  NNU
=005  20160201170405.0
=008  160125s2015\\\\ir\\\\\\\\\\\\000\0\per\d
=FMT  \\BK
=020  \\$a9786003250413
=035  \\$a(ipbs)15/07027
=035  7\$aipbs15/07027
=040  \\$aNNU$cNNU
=245  10$aBā qāfilah-i ʻadālat: yādʹnāmah-i ustād duktur Nāṣir Kātūziyān :
=260  \\$c2015
=852  0\$aNNU$bBOBST$cMAIN$p31142059881766

