=LDR  00512nam  22001695i 4500
=001  004227809
=003  NNU
=005  20160201170828.0
=008  160125s2015\\\\ir\\\\\\\\\\\\000\0\per\d
=FMT  \\BK
=020  \\$a9786006208664
=035  \\$a(ipbs)15/07028
=035  7\$aipbs15/07028
=040  \\$aNNU$cNNU
=245  10$aQānūn-i būdjah-i sāl-i 1394 kull-i kishvar, muṣavvab-i 24/12/1393 Majlis-i Shūrā-yi Islāmī va taʼīd-i 25/12/1393 Shūrā-yi Nigahbān :
=260  \\$c2015
=852  0\$aNNU$bBOBST$cMAIN$p31142059881949

