=LDR  00644nam  22001695i 4500
=001  004227814
=003  NNU
=005  20160202083812.0
=008  160125s2015\\\\ir\\\\\\\\\\\\000\0\per\d
=FMT  \\BK
=020  \\$a9786006955360
=035  \\$a(ipbs)15/07034
=035  7\$aipbs15/07034
=040  \\$aNNU$cNNU
=245  10$aDifāʻ az tārīkh: nigāhī bih talāshʹhā-yi dū va nīm sālah-yi "Pāygāh-i Iṭṭilāʻʹrisānī barā-yi nijāt-i yādmānʹhā-yi bāstānī" (Dasht-i Pāsārgārd) dar junbish-i millī-i iʻtirāz bih ābgīrī-i Sadd-i Sīvand (Shahrīvar-i 1384 - Isfand-i 1386) :
=260  \\$c2015
=852  0\$aNNU$bBOBST$cMAIN$p31142059881964

