=LDR  00443nam  22001695i 4500
=001  004227815
=003  NNU
=005  20160202084427.0
=008  160125s2015\\\\ir\\\\\\\\\\\\000\0\per\d
=FMT  \\BK
=020  \\$a9786006728360
=035  \\$a(ipbs)15/07038
=035  7\$aipbs15/07038
=040  \\$aNNU$cNNU
=245  10$aKhūshnivīsī va ʻirfān bā nigāhī bih ṭarīqat-i Niʻmat Allāhīyah :
=260  \\$c2015
=852  0\$aNNU$bBOBST$cMAIN$p31142059881972

