=LDR  00431nam  22001695i 4500
=001  004227816
=003  NNU
=005  20160202084816.0
=008  160125s2015\\\\ir\\\\\\\\\\\\000\0\per\d
=FMT  \\BK
=020  \\$a9786006728469
=035  \\$a(ipbs)15/07039
=035  7\$aipbs15/07039
=040  \\$aNNU$cNNU
=245  10$aMuḥammad Ḥasan Shīrāzī (zindah dar 1316 hijrī-i qamarī) :
=260  \\$c2015
=852  0\$aNNU$bBOBST$cMAIN$p31142060736991

