=LDR  00403nam  22001695i 4500
=001  004227818
=003  NNU
=005  20160202090847.0
=008  160125s2015\\\\ir\\\\\\\\\\\\000\0\per\d
=FMT  \\BK
=020  \\$a9786006728438
=035  \\$a(ipbs)15/07041
=035  7\$aipbs15/07041
=040  \\$aNNU$cNNU
=245  10$aMuḥammad Ṣādiq (Āqā Ṣādiq) :
=260  \\$c2015
=852  0\$aNNU$bBOBST$cMAIN$p31142060736975

