=LDR  00435nam  22001695i 4500
=001  004227820
=003  NNU
=005  20160202092036.0
=008  160125s2015\\\\ir\\\\\\\\\\\\000\0\per\d
=FMT  \\BK
=020  \\$a9789643345303
=035  \\$a(ipbs)15/07044
=035  7\$aipbs15/07044
=040  \\$aNNU$cNNU
=245  10$aSīnamā-yi dahah-i shaṣt dar guftugū bā mudīrān-i sīnamāyī :
=260  \\$c2015
=852  0\$aNNU$bBOBST$cMAIN$p31142059882251

