=LDR  00426nam  22001695i 4500
=001  004227822
=003  NNU
=005  20160202094121.0
=008  160125s2015\\\\ir\\\\\\\\\\\\000\0\per\d
=FMT  \\BK
=020  \\$a9789645042828
=035  \\$a(ipbs)15/07047
=035  7\$aipbs15/07047
=040  \\$aNNU$cNNU
=245  10$aTaḥlīl-i jāmiʻahʹshinākhṭī-i rummān-i Sūvashūn :
=260  \\$c2015
=852  0\$aNNU$bBOBST$cMAIN$p31142060736967

