=LDR  00403nam  22001695i 4500
=001  004227825
=003  NNU
=005  20160202100747.0
=008  160125s2015\\\\ir\\\\\\\\\\\\000\0\per\d
=FMT  \\BK
=020  \\$a9786005381238
=035  \\$a(ipbs)15/07050
=035  7\$aipbs15/07050
=040  \\$aNNU$cNNU
=245  10$aGulchīnī az gulʹhā-yi rangārang :
=260  \\$c2015
=852  0\$aNNU$bBOBST$cMAIN$p31142059881980

