=LDR  00453nam  22001695i 4500
=001  004227833
=003  NNU
=005  20160202114700.0
=008  160125s2015\\\\ir\\\\\\\\\\\\000\0\per\d
=FMT  \\BK
=020  \\$a9789641854005
=035  \\$a(ipbs)15/07059
=035  7\$aipbs15/07059
=040  \\$aNNU$cNNU
=245  10$aMasāḥat-i iḥsās: Suhrāb Sipihrī va hunar-i ʻirfānī dar jahān-i muʻāṣir :
=260  \\$c2015
=852  0\$aNNU$bBOBST$cMAIN$p31142060737007

