=LDR  00417nam  22001695i 4500
=001  004227834
=003  NNU
=005  20160202115514.0
=008  160125s2015\\\\ir\\\\\\\\\\\\000\0\per\d
=FMT  \\BK
=020  \\$a9789644482960
=035  \\$a(ipbs)15/07060
=035  7\$aipbs15/07060
=040  \\$aNNU$cNNU
=245  10$aĀvāzʹhā-yi ṣūrat; Chashmʹhāyam ābī būd :
=260  \\$c2015
=852  0\$aNNU$bBOBST$cMAIN$p31142060736959

