=LDR  00391nam  22001695i 4500
=001  004227836
=003  NNU
=005  20160202123207.0
=008  160125s2015\\\\ir\\\\\\\\\\\\000\0\per\d
=FMT  \\BK
=020  \\$a9786006605074
=035  \\$a(ipbs)15/07062
=035  7\$aipbs15/07062
=040  \\$aNNU$cNNU
=245  10$aBīvahʹkushī (rummān) :
=260  \\$c2015
=852  0\$aNNU$bBOBST$cMAIN$p31142060736934

