=LDR  00441nam  22001695i 4500
=001  004227838
=003  NNU
=005  00000000000000.0
=008  160125s2015\\\\ir\\\\\\\\\\\\000\0\per\d
=FMT  \\BK
=020  \\$a9789643742843
=035  \\$a(ipbs)15/07064
=035  7\$aipbs15/07064
=040  \\$aNNU$cNNU
=245  10$aGhūl, zan va arrābahʹash: majmūʻah-i dāstānʹhā-yi Nīmā Yūshīj :
=260  \\$c2015
=852  0\$aNNU$bBOBST$cMAIN$p31142060736926

