=LDR  00388nam  22001695i 4500
=001  004227839
=003  NNU
=005  20160202131356.0
=008  160125s2015\\\\ir\\\\\\\\\\\\000\0\per\d
=FMT  \\BK
=020  \\$a9786006182650
=035  \\$a(ipbs)15/07065
=035  7\$aipbs15/07065
=040  \\$aNNU$cNNU
=245  10$aGuft va gū dar bāgh :
=260  \\$c2015
=852  0\$aNNU$bBOBST$cMAIN$p31142059881618

