=LDR  00449nam  22001695i 4500
=001  004227844
=003  NNU
=005  20160202134813.0
=008  160125s2015\\\\ir\\\\\\\\\\\\000\0\per\d
=FMT  \\BK
=020  \\$a9789642247127
=035  \\$a(ipbs)15/07070
=035  7\$aipbs15/07070
=040  \\$aNNU$cNNU
=245  10$aShāʻir-i tārīkh: yādigārʹnāmah-i Muḥammad Ibrāhīm Bāstānī Pārīzī :
=260  \\$c2015
=852  0\$aNNU$bBOBST$cMAIN$p31142059881600

