=LDR  00391nam  22001695i 4500
=001  004227847
=003  NNU
=005  20160202141229.0
=008  160125s2015\\\\ir\\\\\\\\\\\\000\0\per\d
=FMT  \\BK
=020  \\$a9786006182667
=035  \\$a(ipbs)15/07073
=035  7\$aipbs15/07073
=040  \\$aNNU$cNNU
=245  10$aAndar ādāb va aḥvāl :
=260  \\$c2015
=852  0\$aNNU$bBOBST$cMAIN$p31142059881592

