=LDR  00401nam  22001695i 4500
=001  004227850
=003  NNU
=005  20160202143625.0
=008  160125s2015\\\\ir\\\\\\\\\\\\000\0\per\d
=FMT  \\BK
=020  \\$a9789643424480
=035  \\$a(ipbs)15/07076
=035  7\$aipbs15/07076
=040  \\$aNNU$cNNU
=245  10$aAṭlas-i rāhʹhā-yi Īrān 1394 :
=260  \\$c2015
=852  0\$aNNU$bBOBST$cMAIN$p31142059881485

