=LDR  00424nam  22001695i 4500
=001  004227851
=003  NNU
=005  20160202144216.0
=008  160125s2015\\\\ir\\\\\\\\\\\\000\0\per\d
=FMT  \\BK
=020  \\$a9789643315016
=035  \\$a(ipbs)15/07077
=035  7\$aipbs15/07077
=040  \\$aNNU$cNNU
=245  10$aBaḥrayn, ḥuqūq-i hizār va haftṣad sālah-i Īrān :
=260  \\$c2015
=852  0\$aNNU$bBOBST$cMAIN$p31142059882129

