=LDR  00460nam  22001695i 4500
=001  004227852
=003  NNU
=005  20160202150527.0
=008  160125s2015\\\\ir\\\\\\\\\\\\000\0\per\d
=FMT  \\BK
=020  \\$a9789648453133
=035  \\$a(ipbs)15/07079
=035  7\$aipbs15/07079
=040  \\$aNNU$cNNU
=245  10$aYād-i guẕashtah va andīshah-i āyandah dar tārīkh-i Īrān va ṣanʻat-i naft-i Īrān :
=260  \\$c2015
=852  0\$aNNU$bBOBST$cMAIN$p31142059882541

