=LDR  00437nam  22001695i 4500
=001  004227854
=003  NNU
=005  20160202152105.0
=008  160125s2015\\\\ir\\\\\\\\\\\\000\0\per\d
=FMT  \\BK
=020  \\$a9786006069012
=035  \\$a(ipbs)15/07081
=035  7\$aipbs15/07081
=040  \\$aNNU$cNNU
=245  10$aInḥīṭāṭ-i tārīkhnigārī dar Īrān (maqālāt-i tārīkhī) :
=260  \\$c2015
=852  0\$aNNU$bBOBST$cMAIN$p31142059881519

