=LDR  00608nam  22001695i 4500
=001  004227855
=003  NNU
=005  20160202152525.0
=008  160125s2015\\\\ir\\\\\\\\\\\\000\0\per\d
=FMT  \\BK
=020  \\$a9786002202130
=035  \\$a(ipbs)15/07082
=035  7\$aipbs15/07082
=040  \\$aNNU$cNNU
=245  10$aNaqd va barʹrasī-i mutūn-i tārīkhī bih zabān-i Fārsī bā shinākhtī az tārīkhʹhā va tārīkhʹnigārān-i Īrān va guzīnish va sharḥ-i nimūnahʹhāyī az mutūn-i tārīkhī az sadah-i chahārum tā inqilāb-i Mashrūṭah :
=260  \\$c2015
=852  0\$aNNU$bBOBST$cMAIN$p31142059881527

