=LDR  00413nam  22001695i 4500
=001  004227856
=003  NNU
=005  20160202153136.0
=008  160125s2015\\\\ir\\\\\\\\\\\\000\0\per\d
=FMT  \\BK
=020  \\$a9789643205379
=035  \\$a(ipbs)15/07083
=035  7\$aipbs15/07083
=040  \\$aNNU$cNNU
=245  10$aAbū al-Fazl Bayhaqī va jāmiʻah-i Ghaznavī :
=260  \\$c2015
=852  0\$aNNU$bBOBST$cMAIN$p31142059881501

