=LDR  00396nam  22001695i 4500
=001  004227861
=003  NNU
=005  20160202163936.0
=008  160125s2015\\\\ir\\\\\\\\\\\\000\0\per\d
=FMT  \\BK
=020  \\$a9786001490323
=035  \\$a(ipbs)15/07088
=035  7\$aipbs15/07088
=040  \\$aNNU$cNNU
=245  10$aMuṣṭafá Alamūtīʹniyā :
=260  \\$c2015
=852  0\$aNNU$bBOBST$cMAIN$p31142059881550

