=LDR  00530nam  22001695i 4500
=001  004227868
=003  NNU
=005  20160203145002.0
=008  160125s2015\\\\ir\\\\\\\\\\\\000\0\per\d
=FMT  \\BK
=020  \\$a9786003310193
=035  \\$a(ipbs)15/07095
=035  7\$aipbs15/07095
=040  \\$aNNU$cNNU
=245  10$aĀb hargiz nimīʹmīrad: khāṭirāt-i sardār ḥāj Mīrzā Muḥammad Sulgī farmāndah-i Gurdān-i Ḥazrat-i Abā al-Fazl, Lashgar-i 32 Anṣār al-Ḥusayn :
=260  \\$c2015
=852  0\$aNNU$bBOBST$cMAIN$p31142059882145

