=LDR  00485nam  22001695i 4500
=001  004227871
=003  NNU
=005  20160203152101.0
=008  160125s2015\\\\ir\\\\\\\\\\\\000\0\per\d
=FMT  \\BK
=020  \\$a9789649332475
=035  \\$a(ipbs)15/07099
=035  7\$aipbs15/07099
=040  \\$aNNU$cNNU
=245  10$aZindagīnāmah-i mafākhir va mashāhīr-i Gīlān (ʻilmī, pizishkī, farhangī, hunarī, varzishī va nīkūkārī) :
=260  \\$c2015
=852  0\$aNNU$bBOBST$cMAIN$p31142059882491

