=LDR  00526nam  22001695i 4500
=001  004227873
=003  NNU
=005  20160203153204.0
=008  160125s2015\\\\ir\\\\\\\\\\\\000\0\per\d
=FMT  \\BK
=020  \\$a9786007509548
=035  \\$a(ipbs)15/08001
=035  7\$aipbs15/08001
=040  \\$aNNU$cNNU
=245  10$aFihrist-i tawṣīfī-i dastnivishtʹhā-yi muraqqaʻāt va āsār-i khūshnivīsī dar kitābkhānahʹhā-yi Īrān va baʻzī az kitābkhānahʹhā-yi jahān :
=260  \\$c2015
=852  0\$aNNU$bBOBST$cMAIN$p31142059882517

