=LDR  00498nam  22001695i 4500
=001  004227874
=003  NNU
=005  20160203153712.0
=008  160125s2015\\\\ir\\\\\\\\\\\\000\0\per\d
=FMT  \\BK
=020  \\$a9786007509555
=035  \\$a(ipbs)15/08002
=035  7\$aipbs15/08002
=040  \\$aNNU$cNNU
=245  10$aFihrist-i tawṣīfī-i dastnivishtʹhā-yi mūsīqī dar kitābkhānahʹhā-yi Īrān va baʻz̤ī az kitābkhānahʹhā-yi jahān :
=260  \\$c2015
=852  0\$aNNU$bBOBST$cMAIN$p31142059882525

