=LDR  00428nam  22001695i 4500
=001  004227875
=003  NNU
=005  20160203154138.0
=008  160125s2015\\\\ir\\\\\\\\\\\\000\0\per\d
=FMT  \\BK
=020  \\$a9789640015414
=035  \\$a(ipbs)15/08003
=035  7\$aipbs15/08003
=040  \\$aNNU$cNNU
=245  10$aFihristvārah va kitābnamā-yi difāʻ-i muqaddas 1359-1385) :
=260  \\$c2015
=852  0\$aNNU$bBOBST$cMAIN$p31142059882533

