=LDR  00607nam  22001695i 4500
=001  004227876
=003  NNU
=005  20160203154740.0
=008  160125s2015\\\\ir\\\\\\\\\\\\000\0\per\d
=FMT  \\BK
=020  \\$a9786009328857
=035  \\$a(ipbs)15/08004
=035  7\$aipbs15/08004
=040  \\$aNNU$cNNU
=245  10$aAkhbār-i Qazvīn dar Rūznāmah-i Vaqāyiʻ-i Ittifāqīyah, Rūznāmah-i Dawlat-i ʻIllīyah-i Īrān, Rūznāmah-i Īrān, Rūznāmah-i Īrān-i Sulṭānī va Rūznāmah-i Īrān-i Dār al-Khilāfah-i Bāhirah 1267-1326 hijrī-i qamarī :
=260  \\$c2015
=852  0\$aNNU$bBOBST$cMAIN$p31142059882558

