=LDR  00413nam  22001695i 4500
=001  004227884
=003  NNU
=005  20160203171106.0
=008  160125s2015\\\\ir\\\\\\\\\\\\000\0\per\d
=FMT  \\BK
=020  \\$a9789642141005
=035  \\$a(ipbs)15/08015
=035  7\$aipbs15/08015
=040  \\$aNNU$cNNU
=245  10$aSiyāhʹpūshī dar fiqh va farhang-i Islāmī :
=260  \\$c2015
=852  0\$aNNU$bBOBST$cMAIN$p31142059882418

