=LDR  00474nam  22001695i 4500
=001  004227885
=003  NNU
=005  20160203172002.0
=008  160125s2015\\\\ir\\\\\\\\\\\\000\0\per\d
=FMT  \\BK
=020  \\$a9786007112509
=035  \\$a(ipbs)15/08016
=035  7\$aipbs15/08016
=040  \\$aNNU$cNNU
=245  10$aTaghīrāt-i manāsik-i ʻazādārī-i Muḥarram: insānʹshināsī-i manāsik-i ʻazādārī-i Muḥarram :
=260  \\$c2015
=852  0\$aNNU$bBOBST$cMAIN$p31142059882574

