=LDR  00438nam  22001695i 4500
=001  004227886
=003  NNU
=005  20160203172148.0
=008  160125s2015\\\\ir\\\\\\\\\\\\000\0\per\d
=FMT  \\BK
=020  \\$a9786005637298
=035  \\$a(ipbs)15/08017
=035  7\$aipbs15/08017
=040  \\$aNNU$cNNU
=245  10$aĀyīn-i Bahāyī va ārmānʹhā-yi adyān: dū munāẓirah-i maktūb :
=260  \\$c2015
=852  0\$aNNU$bBOBST$cMAIN$p31142059882640

