=LDR  00401nam  22001695i 4500
=001  004227887
=003  NNU
=005  20160203172744.0
=008  160125s2015\\\\ir\\\\\\\\\\\\000\0\per\d
=FMT  \\BK
=020  \\$a9786006414362
=035  \\$a(ipbs)15/08018
=035  7\$aipbs15/08018
=040  \\$aNNU$cNNU
=245  10$aJinsīyat va āgāhī-i tārīkhī :
=260  \\$c2015
=852  0\$aNNU$bBOBST$cMAIN$p31142059882566

