=LDR  00403nam  22001695i 4500
=001  004227888
=003  NNU
=005  20160203173212.0
=008  160125s2015\\\\ir\\\\\\\\\\\\000\0\per\d
=FMT  \\BK
=020  \\$a9789643659646
=035  \\$a(ipbs)15/08019
=035  7\$aipbs15/08019
=040  \\$aNNU$cNNU
=245  10$aSālnāmah-i āmārī-i kishvar 1392 :
=260  \\$c2015
=852  0\$aNNU$bBOBST$cMAIN$p31142059882657

