=LDR  00442nam  22001695i 4500
=001  004227889
=003  NNU
=005  20160203173547.0
=008  160125s2015\\\\ir\\\\\\\\\\\\000\0\per\d
=FMT  \\BK
=020  \\$a9789643659684
=035  \\$a(ipbs)15/08020
=035  7\$aipbs15/08020
=040  \\$aNNU$cNNU
=245  10$aSTATISTICAL POCKET BOOK OF THE ISLAMIC REPUBLIC OF IRAN 1391 (Iranian Year) :
=260  \\$c2015
=852  0\$aNNU$bBOBST$cMAIN$p31142060737197

