=LDR  00577nam  22001695i 4500
=001  004227890
=003  NNU
=005  20160203174621.0
=008  160125s2015\\\\ir\\\\\\\\\\\\000\0\per\d
=FMT  \\BK
=020  \\$a9786005965964
=035  \\$a(ipbs)15/08021
=035  7\$aipbs15/08021
=040  \\$aNNU$cNNU
=245  10$aMaqālātī darbārah-i tārīkh-i dimūkrāsī: muqāyisah-i ʻamalkard-i rijāl-i Īrān dar nahzatʹhā-yi tārīkh-i muʻāṣir-i Īrān bā nigāhī bih tajārub-i inqilāb-i qarn-i hifdahum-i Ingilistān :
=260  \\$c2015
=852  0\$aNNU$bBOBST$cMAIN$p31142059882426

