=LDR  00472nam  22001695i 4500
=001  004227891
=003  NNU
=005  20160203175509.0
=008  160125s2015\\\\ir\\\\\\\\\\\\000\0\per\d
=FMT  \\BK
=020  \\$a9789649977973
=035  \\$a(ipbs)15/08022
=035  7\$aipbs15/08022
=040  \\$aNNU$cNNU
=245  10$aBarʹrasī-i taṭbīqī-i munāẓirahʹhā-yi intikhābātī-i tilivīzyūnī dar Īrān va Ingilistān :
=260  \\$c2015
=852  0\$aNNU$bBOBST$cMAIN$p31142059882665

