=LDR  00409nam  22001695i 4500
=001  004227894
=003  NNU
=005  20160204090345.0
=008  160125s2015\\\\ir\\\\\\\\\\\\000\0\per\d
=FMT  \\BK
=020  \\$a9786002202277
=035  \\$a(ipbs)15/08025
=035  7\$aipbs15/08025
=040  \\$aNNU$cNNU
=245  10$aMajlis-i bist va yakum-i Shūrā-yi Millī :
=260  \\$c2015
=852  0\$aNNU$bBOBST$cMAIN$p31142059882681

