=LDR  00451nam  22001695i 4500
=001  004227896
=003  NNU
=005  20160204091406.0
=008  160125s2015\\\\ir\\\\\\\\\\\\000\0\per\d
=FMT  \\BK
=020  \\$a9789643659776
=035  \\$a(ipbs)15/08027
=035  7\$aipbs15/08027
=040  \\$aNNU$cNNU
=245  10$aNatāyij-i āmārgīrī az maʻādin-i dar ḥāl-i bahrahʹbardārī-i kishvar 1392 :
=260  \\$c2015
=852  0\$aNNU$bBOBST$cMAIN$p31142059882707

