=LDR  00434nam  22001695i 4500
=001  004227897
=003  NNU
=005  20160204091903.0
=008  160125s2015\\\\ir\\\\\\\\\\\\000\0\per\d
=FMT  \\BK
=020  \\$a9789643659615
=035  \\$a(ipbs)15/08028
=035  7\$aipbs15/08028
=040  \\$aNNU$cNNU
=245  10$aNatāyij-i āmārgīrī az gardishgarān-i millī Tābistān-i 1392 :
=260  \\$c2015
=852  0\$aNNU$bBOBST$cMAIN$p31142059882715

