=LDR  00456nam  22001695i 4500
=001  004227898
=003  NNU
=005  20160204092448.0
=008  160125s2015\\\\ir\\\\\\\\\\\\000\0\per\d
=FMT  \\BK
=020  \\$a9786001143571
=035  \\$a(ipbs)15/08029
=035  7\$aipbs15/08029
=040  \\$aNNU$cNNU
=245  10$aBarʹrasī-i fiqhī va ḥuqūqī-i chand hamsarī dar Īrān va kishvarʹhā-yi Islāmī :
=260  \\$c2015
=852  0\$aNNU$bBOBST$cMAIN$p31142059882723

