=LDR  00410nam  22001695i 4500
=001  004227899
=003  NNU
=005  20160204092923.0
=008  160125s2015\\\\ir\\\\\\\\\\\\000\0\per\d
=FMT  \\BK
=020  \\$a9786001082719
=035  \\$a(ipbs)15/08030
=035  7\$aipbs15/08030
=040  \\$aNNU$cNNU
=245  10$aMaṣlaḥat dar fiqh-i siyāsī-i Shīʻah :
=260  \\$c2015
=852  0\$aNNU$bBOBST$cMAIN$p31142059882731

