=LDR  00401nam  22001695i 4500
=001  004227900
=003  NNU
=005  20160204093828.0
=008  160125s2015\\\\ir\\\\\\\\\\\\000\0\per\d
=FMT  \\BK
=020  \\$a9789647362511
=035  \\$a(ipbs)15/08031
=035  7\$aipbs15/08031
=040  \\$aNNU$cNNU
=245  10$aRisālah al-ḥuqūq fī al-Islām :
=260  \\$c2015
=852  0\$aNNU$bBOBST$cMAIN$p31142059882749

