=LDR  00479nam  22001695i 4500
=001  004227901
=003  NNU
=005  20160204094505.0
=008  160125s2015\\\\ir\\\\\\\\\\\\000\0\per\d
=FMT  \\BK
=020  \\$a9786005770100
=035  \\$a(ipbs)15/08032
=035  7\$aipbs15/08032
=040  \\$aNNU$cNNU
=245  10$aChālishʹhā-yi ḥuqūqī-i bahrahʹbardārī az manābiʻ-i mushtarak-i naft va gāz-i Daryā-yi Māzandarān :
=260  \\$c2015
=852  0\$aNNU$bBOBST$cMAIN$p31142059882756

