=LDR  00487nam  22001695i 4500
=001  004227902
=003  NNU
=005  20160204095315.0
=008  160125s2015\\\\ir\\\\\\\\\\\\000\0\per\d
=FMT  \\BK
=020  \\$a9786006224756
=035  \\$a(ipbs)15/08033
=035  7\$aipbs15/08033
=040  \\$aNNU$cNNU
=245  10$aQānūn-i kār dar niẓām-i ḥuqūqī-i kunūnī (daftar-i 5. Ḥuqūq-i kār - Maḥshā-yi qānūn-i kār)) :
=260  \\$c2015
=852  0\$aNNU$bBOBST$cMAIN$p31142059882764$a5$3v.5

