=LDR  00520nam  22001695i 4500
=001  004227903
=003  NNU
=005  20160204100712.0
=008  160125s2015\\\\ir\\\\\\\\\\\\000\0\per\d
=FMT  \\BK
=020  \\$a9789640017029
=035  \\$a(ipbs)15/08034
=035  7\$aipbs15/08034
=040  \\$aNNU$cNNU
=245  10$aBīmāristānʹhā va marākiz-i darmānī dar Īrān; bā rūykardī bih pizishkān va vaz̤ʻīyat-i pizishkī (az āghāz tā dawrān-i Mashrūṭāh) :
=260  \\$c2015
=852  0\$aNNU$bBOBST$cMAIN$p31142059882772

