=LDR  00465nam  22001695i 4500
=001  004227904
=003  NNU
=005  20160204101504.0
=008  160125s2015\\\\ir\\\\\\\\\\\\000\0\per\d
=FMT  \\BK
=020  \\$a9789643659820
=035  \\$a(ipbs)15/08035
=035  7\$aipbs15/08035
=040  \\$aNNU$cNNU
=245  10$aIṭṭilāʻāt-i qaymat va ijārah-i maskan dar nuqāt-i shahrī-i kishvar nīmah-i avval-i 1393 :
=260  \\$c2015
=852  0\$aNNU$bBOBST$cMAIN$p31142059882780

