=LDR  00417nam  22001575i 4500
=001  004227905
=003  NNU
=005  20160204102340.0
=008  160125s2015\\\\ir\\\\\\\\\\\\000\0\per\d
=FMT  \\BK
=035  \\$a(ipbs)15/08036
=035  7\$aipbs15/08036
=040  \\$aNNU$cNNU
=245  10$aIṭṭilāʻāt-i qaymat va ijārah-i maskan dar shahr-i Tihrān Pāyīz-i 1393 :
=260  \\$c2015
=852  0\$aNNU$bBOBST$cMAIN$p31142059882798

