=LDR  00435nam  22001695i 4500
=001  004227908
=003  NNU
=005  00000000000000.0
=008  160125s2015\\\\ir\\\\\\\\\\\\000\0\per\d
=FMT  \\BK
=020  \\$a9786003132771
=035  \\$a(ipbs)15/08043
=035  7\$aipbs15/08043
=040  \\$aNNU$cNNU
=245  10$aKhavāṣ al-ḥayvān (tarjumah-i ḥayāt al-ḥaywān-i Damīrī) :
=260  \\$c2015
=852  0\$aNNU$bBOBST$cMAIN$p31142059882814

