=LDR  00478nam  22001695i 4500
=001  004227909
=003  NNU
=005  20160204112549.0
=008  160125s2015\\\\ir\\\\\\\\\\\\000\0\per\d
=FMT  \\BK
=020  \\$a9786003132382
=035  \\$a(ipbs)15/08044
=035  7\$aipbs15/08044
=040  \\$aNNU$cNNU
=245  10$aDū risālah dar dallākī, māsāzh darmānī va faṣd dar ṭibb-i kuhan-i Īrānī az dawrah-i Qājārīyah :
=260  \\$c2015
=852  0\$aNNU$bBOBST$cMAIN$p31142059882822

