=LDR  00496nam  22001695i 4500
=001  004227910
=003  NNU
=005  20160204113319.0
=008  160125s2015\\\\ir\\\\\\\\\\\\000\0\per\d
=FMT  \\BK
=020  \\$a9786003132801
=035  \\$a(ipbs)15/08045
=035  7\$aipbs15/08045
=040  \\$aNNU$cNNU
=245  10$aTarjumah-i kitāb-i Ghanīyah al-labīb ʻind-i ghaybah al-ṭabīb “yā” tarfand darmānī-i khiradmand dar nabūd-i pizishk :
=260  \\$c2015
=852  0\$aNNU$bBOBST$cMAIN$p31142059882830

