=LDR  00414nam  22001695i 4500
=001  004227911
=003  NNU
=005  00000000000000.0
=008  160125s2015\\\\ir\\\\\\\\\\\\000\0\per\d
=FMT  \\BK
=020  \\$a9786003132108 (Vol. 3)
=035  \\$a(ipbs)15/08046
=035  7\$aipbs15/08046
=040  \\$aNNU$cNNU
=245  10$aẔakhīrah-i Khvārazmshāhī :
=260  \\$c2015
=852  0\$aNNU$bBOBST$cMAIN$p31142059882848$a3$3v.3

