=LDR  00410nam  22001695i 4500
=001  004227912
=003  NNU
=005  20160204114721.0
=008  160125s2015\\\\ir\\\\\\\\\\\\000\0\per\d
=FMT  \\BK
=020  \\$a9786009476541
=035  \\$a(ipbs)15/08047
=035  7\$aipbs15/08047
=040  \\$aNNU$cNNU
=245  10$aTārīkh-i ṭib va ṭibābat dar Būshihr :
=260  \\$c2015
=852  0\$aNNU$bBOBST$cMAIN$p31142059882855

