=LDR  00646nam  22001815i 4500
=001  004227913
=003  NNU
=005  20160204115705.0
=008  160125s2015\\\\ir\\\\\\\\\\\\000\0\per\d
=FMT  \\BK
=020  \\$a9789644239588 (Set)
=035  \\$a(ipbs)15/08048
=035  7\$aipbs15/08048
=040  \\$aNNU$cNNU
=245  10$aSalāmat dar Jumhūrī-i Islāmī-i Īrān 1357-93: tawliyat, niẓām-i taʼmīn-i manābiʻ, irāʼah-i khadamāt, āmūzish va pizhūhish, masāʼil-i murtabiṭ bā salāmat va farhang-i Islāmī-i Īrān :
=260  \\$c2015
=852  0\$aNNU$bBOBST$cMAIN$p31142059882863$a1$3v.1
=852  0\$aNNU$bBOBST$cMAIN$p31142059882871$a2$3v.2

