=LDR  00459nam  22001815i 4500
=001  004227914
=003  NNU
=005  20160204122743.0
=008  160125s2015\\\\ir\\\\\\\\\\\\000\0\per\d
=FMT  \\BK
=020  \\$a9786003132689 (Set)
=035  \\$a(ipbs)15/08049
=035  7\$aipbs15/08049
=040  \\$aNNU$cNNU
=245  10$aQarābādīn-i Kabīr :
=260  \\$c2015
=852  0\$aNNU$bBOBST$cMAIN$p31142059882889$a1$3v.1
=852  0\$aNNU$bBOBST$cMAIN$p31142059882897$a2$3v.2

