=LDR  00487nam  22001815i 4500
=001  004227915
=003  NNU
=005  20160204124149.0
=008  160125s2015\\\\ir\\\\\\\\\\\\000\0\per\d
=FMT  \\BK
=020  \\$a9786003132726 (Set)
=035  \\$a(ipbs)15/08050
=035  7\$aipbs15/08050
=040  \\$aNNU$cNNU
=245  10$aMakhzan al-advīyah va taẕkarah-i Ūlá al-nahy :
=260  \\$c2015
=852  0\$aNNU$bBOBST$cMAIN$p31142059882905$a1$3v.1
=852  0\$aNNU$bBOBST$cMAIN$p31142059882913$a2$3v.2

