=LDR  00449nam  22001695i 4500
=001  004227916
=003  NNU
=005  20160204124604.0
=008  160125s2015\\\\ir\\\\\\\\\\\\000\0\per\d
=FMT  \\BK
=020  \\$a9786003132795
=035  \\$a(ipbs)15/08051
=035  7\$aipbs15/08051
=040  \\$aNNU$cNNU
=245  10$aTaryāq-i aʻẓam (dar advīyah-i sammīyah va ʻavāriz̤ va ʻalāj-i ānʹhā) :
=260  \\$c2015
=852  0\$aNNU$bBOBST$cMAIN$p31142059882921

