=LDR  00403nam  22001695i 4500
=001  004227918
=003  NNU
=005  20160210162119.0
=008  160125s2015\\\\ir\\\\\\\\\\\\000\0\per\d
=FMT  \\BK
=020  \\$a9786001800931
=035  \\$a(ipbs)15/08053
=035  7\$aipbs15/08053
=040  \\$aNNU$cNNU
=245  10$aKāravānsarāʹhā-yi Īrān zamīn :
=260  \\$c2015
=852  0\$aNNU$bBOBST$cMAIN$p31142059883143

