=LDR  00433nam  22001695i 4500
=001  004227919
=003  NNU
=005  20160210162710.0
=008  160125s2015\\\\ir\\\\\\\\\\\\000\0\per\d
=FMT  \\BK
=020  \\$a9786001800962
=035  \\$a(ipbs)15/08054
=035  7\$aipbs15/08054
=040  \\$aNNU$cNNU
=245  10$aSikkahʹhā-yi dawrah-yi fitrat (muʻarrifī-i sikkahʹī vīzhah) :
=260  \\$c2015
=852  0\$aNNU$bBOBST$cMAIN$p31142059883150

