=LDR  00405nam  22001695i 4500
=001  004227920
=003  NNU
=005  20160210163719.0
=008  160125s2015\\\\ir\\\\\\\\\\\\000\0\per\d
=FMT  \\BK
=020  \\$a9786001801044
=035  \\$a(ipbs)15/08055
=035  7\$aipbs15/08055
=040  \\$aNNU$cNNU
=245  10$aSikkahʹshināsī-i shāhān-i Afshār :
=260  \\$c2015
=852  0\$aNNU$bBOBST$cMAIN$p31142059883168

