=LDR  00382nam  22001695i 4500
=001  004227921
=003  NNU
=005  20160210165301.0
=008  160125s2015\\\\ir\\\\\\\\\\\\000\0\per\d
=FMT  \\BK
=020  \\$a9786001521805
=035  \\$a(ipbs)15/08056
=035  7\$aipbs15/08056
=040  \\$aNNU$cNNU
=245  10$aTaṣvīrsāzī :
=260  \\$c2015
=852  0\$aNNU$bBOBST$cMAIN$p31142060737171

