=LDR  00388nam  22001695i 4500
=001  004227922
=003  NNU
=005  20160210170057.0
=008  160125s2015\\\\ir\\\\\\\\\\\\000\0\per\d
=FMT  \\BK
=020  \\$a9789648995015
=035  \\$a(ipbs)15/08057
=035  7\$aipbs15/08057
=040  \\$aNNU$cNNU
=245  10$aKhaṭ va khāṭirah :
=260  \\$c2015
=852  0\$aNNU$bBOBST$cMAIN$p31142059883291

