=LDR  00471nam  22001695i 4500
=001  004227923
=003  NNU
=005  20160210170738.0
=008  160125s2015\\\\ir\\\\\\\\\\\\000\0\per\d
=FMT  \\BK
=020  \\$a9786007135198
=035  \\$a(ipbs)15/08058
=035  7\$aipbs15/08058
=040  \\$aNNU$cNNU
=245  10$aBarʹrasī-i farshʹhā-yi dawrah-i Ṣafavīyah va Qājārīyah dar Mūzah-i Āstān-i Quds-i Raz̤avī :
=260  \\$c2015
=852  0\$aNNU$bBOBST$cMAIN$p31142059883283

