=LDR  00407nam  22001695i 4500
=001  004227924
=003  NNU
=005  20160210171628.0
=008  160125s2015\\\\ir\\\\\\\\\\\\000\0\per\d
=FMT  \\BK
=020  \\$a9786007212561
=035  \\$a(ipbs)15/08059
=035  7\$aipbs15/08059
=040  \\$aNNU$cNNU
=245  10$aZanʹhā!? Man, mādaram, hamsāyahʹhā :
=260  \\$c2015
=852  0\$aNNU$bBOBST$cMAIN$p31142059883275

