=LDR  00482nam  22001695i 4500
=001  004227925
=003  NNU
=005  20160210172751.0
=008  160125s2015\\\\ir\\\\\\\\\\\\000\0\per\d
=FMT  \\BK
=020  \\$a9790698501101
=035  \\$a(ipbs)15/08060
=035  7\$aipbs15/08060
=040  \\$aNNU$cNNU
=245  10$aTaṣānīf-i dawrah-i Qājār bih rivāyat-i ustād ʻAbd Allāh Davāmī (shūr, sihʹgāh, chahārʹgāh, navā) :
=260  \\$c2015
=852  0\$aNNU$bBOBST$cMAIN$p31142060736512

