=LDR  00528nam  22001695i 4500
=001  004227926
=003  NNU
=005  20160211084802.0
=008  160125s2015\\\\ir\\\\\\\\\\\\000\0\per\d
=FMT  \\BK
=020  \\$a9786007556436
=035  \\$a(ipbs)15/08061
=035  7\$aipbs15/08061
=040  \\$aNNU$cNNU
=245  10$aPīlahʹhā-yi shīshahʹī: tārīkh-i taḥlīlī-i tarānah-yi Fārsī; barʹrasī-i jaryānʹhā, anvāʻ-i tarānah, guzīdah-yi tarānah-yi pas az inqilāb :
=260  \\$c2015
=852  0\$aNNU$bBOBST$cMAIN$p31142059883267

