=LDR  00388nam  22001695i 4500
=001  004227927
=003  NNU
=005  20160211090156.0
=008  160125s2015\\\\ir\\\\\\\\\\\\000\0\per\d
=FMT  \\BK
=020  \\$a9789644239670
=035  \\$a(ipbs)15/08063
=035  7\$aipbs15/08063
=040  \\$aNNU$cNNU
=245  10$aʻAṭā-yi pahlavān :
=260  \\$c2015
=852  0\$aNNU$bBOBST$cMAIN$p31142059883259

