=LDR  00382nam  22001695i 4500
=001  004227928
=003  NNU
=005  20160211090827.0
=008  160125s2015\\\\ir\\\\\\\\\\\\000\0\per\d
=FMT  \\BK
=020  \\$a9786003132597
=035  \\$a(ipbs)15/08064
=035  7\$aipbs15/08064
=040  \\$aNNU$cNNU
=245  10$aShikārʹnāmah :
=260  \\$c2015
=852  0\$aNNU$bBOBST$cMAIN$p31142059883242

