=LDR  00398nam  22001695i 4500
=001  004227930
=003  NNU
=005  20160211092456.0
=008  160125s2015\\\\ir\\\\\\\\\\\\000\0\per\d
=FMT  \\BK
=020  \\$a9789643519582
=035  \\$a(ipbs)15/08068
=035  7\$aipbs15/08068
=040  \\$aNNU$cNNU
=245  10$aDīvān-i Khvājū-yi Kirmānī :
=260  \\$c2015
=852  0\$aNNU$bBOBST$cMAIN$p31142059883234

