=LDR  00415nam  22001695i 4500
=001  004227934
=003  NNU
=005  20160211111134.0
=008  160125s2015\\\\ir\\\\\\\\\\\\000\0\per\d
=FMT  \\BK
=020  \\$a9789641912453
=035  \\$a(ipbs)15/08072
=035  7\$aipbs15/08072
=040  \\$aNNU$cNNU
=245  10$aGuzīdah-yi ashʻār-i Rizā Chāychī 1366-1390 :
=260  \\$c2015
=852  0\$aNNU$bBOBST$cMAIN$p31142060736488

