=LDR  00376nam  22001695i 4500
=001  004227941
=003  NNU
=005  20160204135459.0
=008  160125s2015\\\\ir\\\\\\\\\\\\000\0\per\d
=FMT  \\BK
=020  \\$a9789643517434
=035  \\$a(ipbs)15/08079
=035  7\$aipbs15/08079
=040  \\$aNNU$cNNU
=245  10$aGūrchīn :
=260  \\$c2015
=852  0\$aNNU$bBOBST$cMAIN$p31142060736645

