=LDR  00447nam  22001695i 4500
=001  004227942
=003  NNU
=005  20160204140835.0
=008  160125s2015\\\\ir\\\\\\\\\\\\000\0\per\d
=FMT  \\BK
=020  \\$a9789648838602
=035  \\$a(ipbs)15/08080
=035  7\$aipbs15/08080
=040  \\$aNNU$cNNU
=245  10$aHamsāyah-yi Hidāyat: mīrās-i dāstānʹnivīsī-i Ghulām Ḥusayn Sāʻidī :
=260  \\$c2015
=852  0\$aNNU$bBOBST$cMAIN$p31142059882947

