=LDR  00375nam  22001695i 4500
=001  004227944
=003  NNU
=005  20160204142651.0
=008  160125s2015\\\\ir\\\\\\\\\\\\000\0\per\d
=FMT  \\BK
=020  \\$a9786007405161
=035  \\$a(ipbs)15/08082
=035  7\$aipbs15/08082
=040  \\$aNNU$cNNU
=245  10$aNuh marg :
=260  \\$c2015
=852  0\$aNNU$bBOBST$cMAIN$p31142060736637

