=LDR  00384nam  22001695i 4500
=001  004227945
=003  NNU
=005  20160204143722.0
=008  160125s2015\\\\ir\\\\\\\\\\\\000\0\per\d
=FMT  \\BK
=020  \\$a9789643519971
=035  \\$a(ipbs)15/08083
=035  7\$aipbs15/08083
=040  \\$aNNU$cNNU
=245  10$aRivāyat-i haftum :
=260  \\$c2015
=852  0\$aNNU$bBOBST$cMAIN$p31142060736546

