=LDR  00387nam  22001695i 4500
=001  004227946
=003  NNU
=005  20160204144636.0
=008  160125s2015\\\\ir\\\\\\\\\\\\000\0\per\d
=FMT  \\BK
=020  \\$a9786002292414
=035  \\$a(ipbs)15/08084
=035  7\$aipbs15/08084
=040  \\$aNNU$cNNU
=245  10$aSitārah-yi sīnamā :
=260  \\$c2015
=852  0\$aNNU$bBOBST$cMAIN$p31142060736694

