=LDR  00440nam  22001695i 4500
=001  004227948
=003  NNU
=005  20160204150159.0
=008  160125s2015\\\\ir\\\\\\\\\\\\000\0\per\d
=FMT  \\BK
=020  \\$a9789644239724
=035  \\$a(ipbs)15/08086
=035  7\$aipbs15/08086
=040  \\$aNNU$cNNU
=245  10$aDuktur Aḥmad Mahdavī Dāmghānī va mīrās-i adabī va farhangī-i ū :
=260  \\$c2015
=852  0\$aNNU$bBOBST$cMAIN$p31142059883127

