=LDR  00456nam  22001695i 4500
=001  004227950
=003  NNU
=005  20160204153049.0
=008  160125s2015\\\\ir\\\\\\\\\\\\000\0\per\d
=FMT  \\BK
=020  \\$a9789641903741
=035  \\$a(ipbs)15/08089
=035  7\$aipbs15/08089
=040  \\$aNNU$cNNU
=245  10$aKhudāḥāfiẓ Chārlī: khāṭirāt-i Anūsh Naṣr Māsūlah (Naṣr Allāhʹzādah) :
=260  \\$c2015
=852  0\$aNNU$bBOBST$cMAIN$p31142060736520

