=LDR  00388nam  22001695i 4500
=001  004227951
=003  NNU
=005  20160204153936.0
=008  160125s2015\\\\ir\\\\\\\\\\\\000\0\per\d
=FMT  \\BK
=020  \\$a9789643793227
=035  \\$a(ipbs)15/08090
=035  7\$aipbs15/08090
=040  \\$aNNU$cNNU
=245  10$aBuzurgmihr-i Ḥakīm :
=260  \\$c2015
=852  0\$aNNU$bBOBST$cMAIN$p31142059883101

