=LDR  00502nam  22001695i 4500
=001  004227955
=003  NNU
=005  20160208090657.0
=008  160125s2015\\\\ir\\\\\\\\\\\\000\0\per\d
=FMT  \\BK
=020  \\$a9789641902911
=035  \\$a(ipbs)15/08094
=035  7\$aipbs15/08094
=040  \\$aNNU$cNNU
=245  10$aMashrūṭah va Gīlān (tārīkh-i rūydādʹhā-yi Gīlān dar dawrān-i Muẓaffar al-Dīn Shāh va Muḥammad ʻAlī Shāh Qājār) :
=260  \\$c2015
=852  0\$aNNU$bBOBST$cMAIN$p31142059883069

