=LDR  00468nam  22001695i 4500
=001  004227958
=003  NNU
=005  20160208093658.0
=008  160125s2015\\\\ir\\\\\\\\\\\\000\0\per\d
=FMT  \\BK
=020  \\$a9789648698299
=035  \\$a(ipbs)15/08097
=035  7\$aipbs15/08097
=040  \\$aNNU$cNNU
=245  10$aPīrāmūn-i guftahʹhā va nāʹguftahʹhā (jāmiʻah, mardum va mushkilāt dar dū dahah-i akhīr) :
=260  \\$c2015
=852  0\$aNNU$bBOBST$cMAIN$p31142059883036

