=LDR  00414nam  22001695i 4500
=001  004227959
=003  NNU
=005  20160208094311.0
=008  160125s2015\\\\ir\\\\\\\\\\\\000\0\per\d
=FMT  \\BK
=020  \\$a9786009513604
=035  \\$a(ipbs)15/08098
=035  7\$aipbs15/08098
=040  \\$aNNU$cNNU
=245  10$a13 [Sīzdah] ḥikāyat-i shīrīn az Ṭihrān :
=260  \\$c2015
=852  0\$aNNU$bBOBST$cMAIN$p31142059882962

