=LDR  00426nam  22001695i 4500
=001  004227960
=003  NNU
=005  20160208094812.0
=008  160125s2015\\\\ir\\\\\\\\\\\\000\0\per\d
=FMT  \\BK
=020  \\$a9789647362405
=035  \\$a(ipbs)15/08099
=035  7\$aipbs15/08099
=040  \\$aNNU$cNNU
=245  10$aFalsafah-i siyāsī ijtimāʻī-i āyat allāh Muntaẓirī :
=260  \\$c2015
=852  0\$aNNU$bBOBST$cMAIN$p31142059883135

